,000008,600167,600195,600216
2020-06-02 09:32:30.000,3.0,15.24,14.86,16.63
2020-06-02 09:32:33.000,3.0,15.23,14.86,16.63
2020-06-02 09:32:36.000,3.0,15.22,14.86,16.63
2020-06-02 09:32:39.000,3.0,15.22,14.86,16.63
2020-06-02 09:32:42.000,3.0,15.22,14.86,16.63
2020-06-02 09:32:45.000,3.0,15.22,14.86,16.63
2020-06-02 09:32:48.000,3.0,15.22,14.86,16.63
2020-06-02 09:32:51.000,3.0,15.22,14.86,16.63
2020-06-02 09:32:54.000,3.0,15.22,14.86,16.63
2020-06-02 09:32:57.000,3.0,15.22,14.86,16.63
2020-06-02 09:33:00.000,3.0,15.22,14.86,16.63
2020-06-02 09:33:03.000,3.0,15.22,14.86,16.63
2020-06-02 09:33:06.000,3.0,15.22,14.86,16.63
2020-06-02 09:33:09.000,3.0,15.22,14.86,16.63
2020-06-02 09:33:12.000,3.0,15.22,14.86,16.63
2020-06-02 09:33:15.000,3.0,15.22,14.86,16.63
2020-06-02 09:33:18.000,3.0,15.22,14.86,16.63
2020-06-02 09:33:21.000,3.0,15.22,14.86,16.63
2020-06-02 09:33:24.000,3.0,15.22,14.86,16.63
2020-06-02 09:33:27.000,3.0,15.22,14.86,16.63
2020-06-02 09:33:30.000,3.0,15.22,14.86,16.63
2020-06-02 09:33:33.000,3.0,15.22,14.86,16.63
2020-06-02 09:33:36.000,3.0,15.22,14.86,16.63
2020-06-02 09:33:39.000,3.0,15.22,14.86,16.63
2020-06-02 09:33:42.000,3.0,15.22,14.86,16.63
2020-06-02 09:33:45.000,3.0,15.22,14.86,16.63
2020-06-02 09:33:48.000,3.0,15.22,14.86,16.63
2020-06-02 09:33:51.000,3.0,15.22,14.86,16.63
2020-06-02 09:33:54.000,3.0,15.22,14.86,16.63
2020-06-02 09:33:57.000,3.0,15.22,14.86,16.63
2020-06-02 09:34:00.000,3.0,15.22,14.86,16.63
2020-06-02 09:34:03.000,3.0,15.22,14.86,16.63
2020-06-02 09:34:06.000,3.0,15.22,14.86,16.63
2020-06-02 09:34:09.000,3.0,15.22,14.86,16.63
2020-06-02 09:34:12.000,3.0,15.22,14.86,16.63
2020-06-02 09:34:15.000,3.0,15.22,14.86,16.63
2020-06-02 09:34:18.000,3.0,15.22,14.86,16.63
2020-06-02 09:34:21.000,3.0,15.22,14.86,16.63
2020-06-02 09:34:24.000,3.0,15.22,14.86,16.63
2020-06-02 09:34:27.000,3.0,15.22,14.86,16.63
2020-06-02 09:34:30.000,3.0,15.22,14.86,16.63
2020-06-02 09:34:33.000,3.0,15.22,14.86,16.63
2020-06-02 09:34:36.000,3.0,15.22,14.86,16.63
2020-06-02 09:34:39.000,3.0,15.22,14.86,16.63
2020-06-02 09:34:42.000,3.0,15.22,14.86,16.63
2020-06-02 09:34:45.000,3.0,15.22,14.86,16.63
2020-06-02 09:34:48.000,3.0,15.22,14.86,16.63
2020-06-02 09:34:51.000,3.0,15.22,14.86,16.63
2020-06-02 09:34:54.000,3.0,15.22,14.86,16.63
2020-06-02 09:34:57.000,3.0,15.22,14.86,16.63
2020-06-02 09:35:00.000,3.0,15.22,14.86,16.63
2020-06-02 09:35:03.000,3.0,15.22,14.86,16.63
2020-06-02 09:35:06.000,3.0,15.22,14.86,16.63
2020-06-02 09:35:09.000,3.0,15.22,14.86,16.63
2020-06-02 09:35:12.000,3.0,15.22,14.86,16.63
2020-06-02 09:35:15.000,3.0,15.22,14.86,16.63
2020-06-02 09:35:18.000,3.0,15.22,14.86,16.63
2020-06-02 09:35:21.000,3.0,15.22,14.86,16.63
2020-06-02 09:35:24.000,3.0,15.22,14.86,16.63
2020-06-02 09:35:27.000,3.0,15.22,14.86,16.63
2020-06-02 09:35:30.000,3.0,15.22,14.86,16.63
2020-06-02 09:35:33.000,3.0,15.22,14.86,16.63
2020-06-02 09:35:36.000,3.0,15.22,14.86,16.63
2020-06-02 09:35:39.000,3.0,15.22,14.86,16.63
2020-06-02 09:35:42.000,3.0,15.22,14.86,16.63
2020-06-02 09:35:45.000,3.0,15.22,14.86,16.63
2020-06-02 09:35:48.000,3.0,15.22,14.86,16.63
2020-06-02 09:35:51.000,3.0,15.22,14.86,16.63
2020-06-02 09:35:54.000,3.0,15.22,14.86,16.63
2020-06-02 09:35:57.000,3.0,15.22,14.86,16.63
2020-06-02 09:36:00.000,3.0,15.22,14.86,16.63
2020-06-02 09:36:03.000,3.0,15.22,14.86,16.63
2020-06-02 09:36:06.000,3.0,15.22,14.86,16.63
2020-06-02 09:36:09.000,3.0,15.22,14.86,16.63
2020-06-02 09:36:12.000,3.0,15.22,14.86,16.63
2020-06-02 09:36:15.000,3.0,15.22,14.86,16.63
2020-06-02 09:36:18.000,3.0,15.22,14.86,16.63
2020-06-02 09:36:21.000,3.0,15.22,14.86,16.63
2020-06-02 09:36:24.000,3.0,15.22,14.86,16.63
2020-06-02 09:36:27.000,3.0,15.22,14.86,16.63
2020-06-02 09:36:30.000,3.0,15.22,14.86,16.63
2020-06-02 09:36:33.000,3.0,15.22,14.86,16.63
2020-06-02 09:36:36.000,3.0,15.22,14.86,16.63
2020-06-02 09:36:39.000,3.0,15.22,14.86,16.63
2020-06-02 09:36:42.000,3.0,15.22,14.86,16.63
2020-06-02 09:36:45.000,3.0,15.22,14.86,16.63
2020-06-02 09:36:48.000,3.0,15.22,14.86,16.63
2020-06-02 09:36:51.000,3.0,15.22,14.86,16.63
2020-06-02 09:36:54.000,3.0,15.22,14.86,16.63
2020-06-02 09:36:57.000,3.0,15.22,14.86,16.63
2020-06-02 09:37:00.000,3.01,15.22,14.86,16.63
2020-06-02 09:37:03.000,3.01,15.22,14.86,16.63
2020-06-02 09:37:06.000,3.01,15.22,14.86,16.63
2020-06-02 09:37:09.000,3.01,15.22,14.86,16.63
2020-06-02 09:37:12.000,3.01,15.22,14.86,16.63
2020-06-02 09:37:15.000,3.01,15.22,14.86,16.63
2020-06-02 09:37:18.000,3.01,15.22,14.86,16.63
2020-06-02 09:37:21.000,3.01,15.22,14.86,16.63
2020-06-02 09:37:24.000,3.01,15.22,14.86,16.63
2020-06-02 09:37:27.000,3.01,15.22,14.86,16.63
2020-06-02 09:37:30.000,3.01,15.22,14.86,16.63
2020-06-02 09:37:33.000,3.01,15.22,14.86,16.63
2020-06-02 09:37:36.000,3.01,15.22,14.86,16.63
2020-06-02 09:37:39.000,3.01,15.22,14.86,16.63
2020-06-02 09:37:42.000,3.01,15.22,14.86,16.63
2020-06-02 09:37:45.000,3.01,15.22,14.86,16.63
2020-06-02 09:37:48.000,3.01,15.22,14.86,16.63
2020-06-02 09:37:51.000,3.01,15.22,14.86,16.63
2020-06-02 09:37:54.000,3.01,15.22,14.86,16.63
2020-06-02 09:37:57.000,3.01,15.22,14.86,16.63
2020-06-02 09:38:00.000,3.01,15.22,14.86,16.63
2020-06-02 09:38:03.000,3.01,15.22,14.86,16.63
2020-06-02 09:38:06.000,3.01,15.22,14.86,16.63
2020-06-02 09:38:09.000,3.01,15.22,14.86,16.63
2020-06-02 09:38:12.000,3.01,15.22,14.86,16.63
2020-06-02 09:38:15.000,3.01,15.22,14.86,16.63
2020-06-02 09:38:18.000,3.01,15.22,14.86,16.63
2020-06-02 09:38:21.000,3.01,15.22,14.86,16.63
2020-06-02 09:38:24.000,3.01,15.22,14.86,16.63
2020-06-02 09:38:27.000,3.01,15.22,14.86,16.63
2020-06-02 09:38:30.000,3.01,15.22,14.86,16.63
2020-06-02 09:38:33.000,3.01,15.22,14.86,16.63
2020-06-02 09:38:36.000,3.01,15.22,14.86,16.63
2020-06-02 09:38:39.000,3.01,15.22,14.86,16.63
2020-06-02 09:38:42.000,3.01,15.22,14.86,16.63
2020-06-02 09:38:45.000,3.01,15.22,14.86,16.63
2020-06-02 09:38:48.000,3.01,15.22,14.86,16.63
2020-06-02 09:38:51.000,3.01,15.19,14.86,16.63
2020-06-02 09:38:54.000,3.01,15.23,14.86,16.63
2020-06-02 09:38:57.000,3.01,15.24,14.86,16.63
2020-06-02 09:39:00.000,3.01,15.24,14.86,16.63
2020-06-02 09:39:03.000,3.01,15.24,14.86,16.63
2020-06-02 09:39:06.000,3.01,15.24,14.86,16.63
2020-06-02 09:39:09.000,3.01,15.24,14.86,16.63
2020-06-02 09:39:12.000,3.01,15.24,14.86,16.63
2020-06-02 09:39:15.000,3.01,15.24,14.86,16.63
2020-06-02 09:39:18.000,3.01,15.24,14.86,16.63
2020-06-02 09:39:21.000,3.01,15.24,14.86,16.63
2020-06-02 09:39:24.000,3.01,15.24,14.86,16.63
2020-06-02 09:39:27.000,3.01,15.24,14.86,16.63
2020-06-02 09:39:30.000,3.01,15.24,14.86,16.63
2020-06-02 09:39:33.000,3.01,15.24,14.86,16.63
2020-06-02 09:39:36.000,3.01,15.24,14.86,16.63
2020-06-02 09:39:39.000,3.01,15.24,14.86,16.63
2020-06-02 09:39:42.000,3.01,15.24,14.86,16.63
2020-06-02 09:39:45.000,3.01,15.24,14.86,16.63
2020-06-02 09:39:48.000,3.01,15.24,14.86,16.63
2020-06-02 09:39:51.000,3.01,15.24,14.86,16.63
2020-06-02 09:39:54.000,3.01,15.24,14.86,16.63
2020-06-02 09:39:57.000,3.01,15.24,14.86,16.63
2020-06-02 09:40:00.000,3.01,15.24,14.86,16.63
2020-06-02 09:40:03.000,3.01,15.24,14.86,16.63
2020-06-02 09:40:06.000,3.01,15.24,14.86,16.63
2020-06-02 09:40:09.000,3.01,15.24,14.86,16.63
2020-06-02 09:40:12.000,3.01,15.21,14.86,16.63
2020-06-02 09:40:15.000,3.01,15.21,14.86,16.63
2020-06-02 09:40:18.000,3.01,15.19,14.86,16.63
2020-06-02 09:40:21.000,3.01,15.19,14.86,16.63
2020-06-02 09:40:24.000,3.01,15.18,14.86,16.63
2020-06-02 09:40:27.000,3.01,15.16,14.86,16.63
2020-06-02 09:40:30.000,3.01,15.16,14.86,16.63
2020-06-02 09:40:33.000,3.01,15.15,14.86,16.63
2020-06-02 09:40:36.000,3.01,15.15,14.86,16.63
2020-06-02 09:40:39.000,3.01,15.15,14.86,16.63
2020-06-02 09:40:42.000,3.01,15.15,14.86,16.63
2020-06-02 09:40:45.000,3.01,15.15,14.86,16.63
2020-06-02 09:40:48.000,3.01,15.15,14.86,16.63
2020-06-02 09:40:51.000,3.01,15.15,14.86,16.63
2020-06-02 09:40:54.000,3.01,15.15,14.86,16.63
2020-06-02 09:40:57.000,3.01,15.15,14.86,16.63
2020-06-02 09:41:00.000,3.01,15.15,14.86,16.63
2020-06-02 09:41:03.000,3.01,15.15,14.86,16.63
2020-06-02 09:41:06.000,3.01,15.15,14.86,16.63
2020-06-02 09:41:09.000,3.01,15.15,14.86,16.63
2020-06-02 09:41:12.000,3.01,15.15,14.86,16.63
2020-06-02 09:41:15.000,3.01,15.15,14.86,16.63
2020-06-02 09:41:18.000,3.01,15.15,14.86,16.63
2020-06-02 09:41:21.000,3.01,15.15,14.86,16.63
2020-06-02 09:41:24.000,3.01,15.15,14.86,16.63
2020-06-02 09:41:27.000,3.01,15.15,14.86,16.63
2020-06-02 09:41:30.000,3.01,15.15,14.86,16.63
2020-06-02 09:41:33.000,3.01,15.15,14.86,16.63
2020-06-02 09:41:36.000,3.01,15.15,14.86,16.63
2020-06-02 09:41:39.000,3.01,15.15,14.86,16.63
2020-06-02 09:41:42.000,3.01,15.15,14.86,16.63
2020-06-02 09:41:45.000,3.01,15.15,14.86,16.63
2020-06-02 09:41:48.000,3.01,15.15,14.86,16.63
2020-06-02 09:41:51.000,3.01,15.15,14.86,16.63
2020-06-02 09:41:54.000,3.01,15.15,14.86,16.63
2020-06-02 09:41:57.000,3.01,15.15,14.86,16.63
2020-06-02 09:42:00.000,3.01,15.15,14.86,16.63
2020-06-02 09:42:03.000,3.01,15.15,14.86,16.63
2020-06-02 09:42:06.000,3.01,15.15,14.86,16.63
2020-06-02 09:42:09.000,3.01,15.15,14.86,16.63
2020-06-02 09:42:12.000,3.01,15.15,14.86,16.63
2020-06-02 09:42:15.000,3.01,15.15,14.86,16.63
2020-06-02 09:42:18.000,3.01,15.15,14.86,16.63
2020-06-02 09:42:21.000,3.01,15.15,14.86,16.63
2020-06-02 09:42:24.000,3.01,15.15,14.86,16.63
2020-06-02 09:42:27.000,3.01,15.15,14.86,16.63
2020-06-02 09:42:30.000,3.01,15.15,14.86,16.63
2020-06-02 09:42:33.000,3.01,15.15,14.86,16.63
2020-06-02 09:42:36.000,3.01,15.15,14.86,16.63
2020-06-02 09:42:39.000,3.01,15.15,14.86,16.63
2020-06-02 09:42:42.000,3.01,15.15,14.78,16.63
2020-06-02 09:42:45.000,3.01,15.15,14.78,16.63
2020-06-02 09:42:48.000,3.01,15.15,14.78,16.63
2020-06-02 09:42:51.000,3.01,15.15,14.78,16.63
2020-06-02 09:42:54.000,3.01,15.15,14.78,16.63
2020-06-02 09:42:57.000,3.01,15.15,14.78,16.63
2020-06-02 09:43:00.000,3.01,15.15,14.78,16.63
2020-06-02 09:43:03.000,3.01,15.15,14.78,16.63
2020-06-02 09:43:06.000,3.01,15.15,14.78,16.63
2020-06-02 09:43:09.000,3.0,15.15,14.78,16.63
2020-06-02 09:43:12.000,3.0,15.15,14.78,16.63
2020-06-02 09:43:15.000,3.0,15.15,14.78,16.63
2020-06-02 09:43:18.000,3.0,15.15,14.78,16.63
2020-06-02 09:43:21.000,3.0,15.15,14.78,16.63
2020-06-02 09:43:24.000,3.0,15.15,14.78,16.63
2020-06-02 09:43:27.000,3.0,15.15,14.78,16.63
2020-06-02 09:43:30.000,3.01,15.15,14.78,16.63
2020-06-02 09:43:33.000,3.01,15.15,14.78,16.63
2020-06-02 09:43:36.000,3.01,15.15,14.78,16.63
2020-06-02 09:43:39.000,3.01,15.15,14.78,16.63
2020-06-02 09:43:42.000,3.01,15.15,14.78,16.63
2020-06-02 09:43:45.000,3.01,15.15,14.78,16.63
2020-06-02 09:43:48.000,3.01,15.15,14.78,16.63
2020-06-02 09:43:51.000,3.01,15.15,14.78,16.63
2020-06-02 09:43:54.000,3.01,15.15,14.78,16.63
2020-06-02 09:43:57.000,3.01,15.15,14.78,16.63
2020-06-02 09:44:00.000,3.01,15.15,14.78,16.63
2020-06-02 09:44:03.000,3.01,15.15,14.78,16.63
2020-06-02 09:44:06.000,3.01,15.15,14.78,16.63
2020-06-02 09:44:09.000,3.01,15.15,14.78,16.63
2020-06-02 09:44:12.000,3.01,15.15,14.78,16.63
2020-06-02 09:44:15.000,3.01,15.15,14.78,16.63
2020-06-02 09:44:18.000,3.01,15.15,14.78,16.63
2020-06-02 09:44:21.000,3.01,15.15,14.78,16.63
2020-06-02 09:44:24.000,3.01,15.15,14.78,16.63
2020-06-02 09:44:27.000,3.01,15.15,14.78,16.63
2020-06-02 09:44:30.000,3.01,15.15,14.78,16.63
2020-06-02 09:44:33.000,3.01,15.15,14.78,16.63
2020-06-02 09:44:36.000,3.01,15.15,14.78,16.63
2020-06-02 09:44:39.000,3.01,15.15,14.78,16.63
2020-06-02 09:44:42.000,3.01,15.17,14.78,16.63
2020-06-02 09:44:45.000,3.01,15.17,14.78,16.63
2020-06-02 09:44:48.000,3.01,15.17,14.78,16.63
2020-06-02 09:44:51.000,3.01,15.17,14.78,16.63
2020-06-02 09:44:54.000,3.01,15.17,14.78,16.63
2020-06-02 09:44:57.000,3.01,15.17,14.78,16.63
2020-06-02 09:45:00.000,3.01,15.17,14.78,16.63
2020-06-02 09:45:03.000,3.01,15.17,14.78,16.63
2020-06-02 09:45:06.000,3.01,15.17,14.78,16.63
2020-06-02 09:45:09.000,3.01,15.17,14.78,16.63
2020-06-02 09:45:12.000,3.01,15.17,14.78,16.63
2020-06-02 09:45:15.000,3.01,15.17,14.78,16.63
2020-06-02 09:45:18.000,3.01,15.17,14.78,16.63
2020-06-02 09:45:21.000,3.01,15.17,14.78,16.63
2020-06-02 09:45:24.000,3.01,15.17,14.78,16.63
2020-06-02 09:45:27.000,3.01,15.17,14.78,16.63
2020-06-02 09:45:30.000,3.01,15.17,14.78,16.63
2020-06-02 09:45:33.000,3.01,15.17,14.78,16.63
2020-06-02 09:45:36.000,3.01,15.17,14.78,16.63
2020-06-02 09:45:39.000,3.01,15.17,14.78,16.63
2020-06-02 09:45:42.000,3.01,15.17,14.78,16.63
2020-06-02 09:45:45.000,3.01,15.17,14.78,16.63
2020-06-02 09:45:48.000,3.01,15.17,14.78,16.63
2020-06-02 09:45:51.000,3.01,15.17,14.78,16.63
2020-06-02 09:45:54.000,3.01,15.17,14.78,16.63
2020-06-02 09:45:57.000,3.01,15.17,14.78,16.63
2020-06-02 09:46:00.000,3.01,15.17,14.78,16.63
2020-06-02 09:46:03.000,3.01,15.17,14.78,16.63
2020-06-02 09:46:06.000,3.01,15.17,14.78,16.63
2020-06-02 09:46:09.000,3.01,15.17,14.78,16.63
2020-06-02 09:46:12.000,3.01,15.17,14.78,16.63
2020-06-02 09:46:15.000,3.01,15.17,14.78,16.63
2020-06-02 09:46:18.000,3.01,15.17,14.78,16.63
2020-06-02 09:46:21.000,3.01,15.17,14.78,16.63
2020-06-02 09:46:24.000,3.01,15.17,14.78,16.63
2020-06-02 09:46:27.000,3.01,15.17,14.78,16.63
2020-06-02 09:46:30.000,3.01,15.17,14.78,16.63
2020-06-02 09:46:33.000,3.01,15.17,14.78,16.63
2020-06-02 09:46:36.000,3.01,15.17,14.78,16.63
2020-06-02 09:46:39.000,3.01,15.17,14.78,16.63
2020-06-02 09:46:42.000,3.01,15.17,14.78,16.63
2020-06-02 09:46:45.000,3.01,15.17,14.78,16.63
2020-06-02 09:46:48.000,3.01,15.17,14.78,16.63
2020-06-02 09:46:51.000,3.01,15.17,14.78,16.63
2020-06-02 09:46:54.000,3.01,15.17,14.78,16.63
2020-06-02 09:46:57.000,3.01,15.17,14.78,16.63
2020-06-02 09:47:00.000,3.01,15.17,14.78,16.63
2020-06-02 09:47:03.000,3.01,15.17,14.78,16.63
2020-06-02 09:47:06.000,3.01,15.17,14.78,16.63
2020-06-02 09:47:09.000,3.01,15.17,14.78,16.63
2020-06-02 09:47:12.000,3.01,15.17,14.78,16.63
2020-06-02 09:47:15.000,3.01,15.17,14.78,16.63
2020-06-02 09:47:18.000,3.01,15.17,14.78,16.63
2020-06-02 09:47:21.000,3.01,15.17,14.78,16.63
2020-06-02 09:47:24.000,3.01,15.17,14.78,16.63
2020-06-02 09:47:27.000,3.01,15.17,14.78,16.63
2020-06-02 09:47:30.000,3.01,15.17,14.78,16.63
2020-06-02 09:47:33.000,3.01,15.17,14.78,16.63
2020-06-02 09:47:36.000,3.01,15.17,14.78,16.63
2020-06-02 09:47:39.000,3.01,15.17,14.78,16.63
2020-06-02 09:47:42.000,3.01,15.17,14.78,16.63
2020-06-02 09:47:45.000,3.01,15.17,14.78,16.63
2020-06-02 09:47:48.000,3.01,15.17,14.78,16.63
2020-06-02 09:47:51.000,3.0,15.17,14.78,16.63
2020-06-02 09:47:54.000,3.0,15.17,14.78,16.63
2020-06-02 09:47:57.000,3.01,15.17,14.78,16.63
2020-06-02 09:48:00.000,3.01,15.17,14.78,16.63
2020-06-02 09:48:03.000,3.01,15.17,14.78,16.63
2020-06-02 09:48:06.000,3.0,15.17,14.78,16.63
2020-06-02 09:48:09.000,3.0,15.17,14.78,16.63
2020-06-02 09:48:12.000,3.0,15.17,14.78,16.63
2020-06-02 09:48:15.000,3.0,15.17,14.78,16.63
2020-06-02 09:48:18.000,3.0,15.17,14.78,16.63
2020-06-02 09:48:21.000,3.01,15.17,14.78,16.63
2020-06-02 09:48:24.000,3.01,15.17,14.78,16.63
2020-06-02 09:48:27.000,3.01,15.17,14.78,16.63
2020-06-02 09:48:30.000,3.01,15.17,14.78,16.63
2020-06-02 09:48:33.000,3.01,15.17,14.78,16.63
2020-06-02 09:48:36.000,3.01,15.17,14.78,16.63
2020-06-02 09:48:39.000,3.01,15.17,14.78,16.63
2020-06-02 09:48:42.000,3.0,15.17,14.78,16.63
2020-06-02 09:48:45.000,3.0,15.17,14.78,16.63
2020-06-02 09:48:48.000,3.0,15.17,14.78,16.63
2020-06-02 09:48:51.000,3.01,15.17,14.72,16.63
2020-06-02 09:48:54.000,3.01,15.17,14.72,16.63
2020-06-02 09:48:57.000,3.01,15.17,14.72,16.63
2020-06-02 09:49:00.000,3.01,15.17,14.72,16.63
2020-06-02 09:49:03.000,3.01,15.17,14.72,16.63
2020-06-02 09:49:06.000,3.01,15.17,14.72,16.63
2020-06-02 09:49:09.000,3.01,15.17,14.72,16.63
2020-06-02 09:49:12.000,3.01,15.17,14.72,16.63
2020-06-02 09:49:15.000,3.01,15.17,14.72,16.63
2020-06-02 09:49:18.000,3.01,15.17,14.72,16.63
2020-06-02 09:49:21.000,3.01,15.17,14.72,16.63
2020-06-02 09:49:24.000,3.01,15.17,14.72,16.63
2020-06-02 09:49:27.000,3.01,15.17,14.72,16.63
2020-06-02 09:49:30.000,3.01,15.17,14.72,16.63
2020-06-02 09:49:33.000,3.01,15.17,14.72,16.63
2020-06-02 09:49:36.000,3.01,15.17,14.72,16.63
2020-06-02 09:49:39.000,3.01,15.17,14.72,16.63
2020-06-02 09:49:42.000,3.01,15.17,14.72,16.63
2020-06-02 09:49:45.000,3.01,15.17,14.72,16.63
2020-06-02 09:49:48.000,3.01,15.17,14.72,16.63
2020-06-02 09:49:51.000,3.01,15.17,14.72,16.63
2020-06-02 09:49:54.000,3.01,15.17,14.72,16.63
2020-06-02 09:49:57.000,3.01,15.17,14.72,16.63
2020-06-02 09:50:00.000,3.01,15.17,14.72,16.63
2020-06-02 09:50:03.000,3.01,15.17,14.72,16.63
2020-06-02 09:50:06.000,3.01,15.17,14.72,16.63
2020-06-02 09:50:09.000,3.0,15.17,14.72,16.63
2020-06-02 09:50:12.000,3.01,15.17,14.72,16.63
2020-06-02 09:50:15.000,3.01,15.17,14.72,16.63
2020-06-02 09:50:18.000,3.01,15.17,14.72,16.63
2020-06-02 09:50:21.000,3.01,15.17,14.72,16.63
2020-06-02 09:50:24.000,3.01,15.17,14.72,16.63
2020-06-02 09:50:27.000,3.01,15.17,14.72,16.63
2020-06-02 09:50:30.000,3.01,15.17,14.72,16.63
2020-06-02 09:50:33.000,3.01,15.17,14.72,16.63
2020-06-02 09:50:36.000,3.01,15.17,14.72,16.63
2020-06-02 09:50:39.000,3.01,15.17,14.72,16.63
2020-06-02 09:50:42.000,3.01,15.17,14.72,16.63
2020-06-02 09:50:45.000,3.01,15.17,14.72,16.63
2020-06-02 09:50:48.000,3.01,15.17,14.72,16.63
2020-06-02 09:50:51.000,3.01,15.17,14.72,16.63
2020-06-02 09:50:54.000,3.01,15.17,14.72,16.63
2020-06-02 09:50:57.000,3.01,15.15,14.72,16.63
2020-06-02 09:51:00.000,3.01,15.15,14.72,16.63
2020-06-02 09:51:03.000,3.01,15.15,14.72,16.63
2020-06-02 09:51:06.000,3.01,15.15,14.69,16.63
2020-06-02 09:51:09.000,3.01,15.15,14.7,16.63
2020-06-02 09:51:12.000,3.0,15.15,14.7,16.63
2020-06-02 09:51:15.000,3.01,15.15,14.71,16.63
2020-06-02 09:51:18.000,3.01,15.15,14.71,16.63
2020-06-02 09:51:21.000,3.01,15.15,14.71,16.63
2020-06-02 09:51:24.000,3.01,15.15,14.71,16.63
2020-06-02 09:51:27.000,3.01,15.16,14.71,16.63
2020-06-02 09:51:30.000,3.01,15.16,14.71,16.63
2020-06-02 09:51:33.000,3.01,15.16,14.71,16.63
2020-06-02 09:51:36.000,3.01,15.16,14.71,16.63
2020-06-02 09:51:39.000,3.01,15.16,14.71,16.63
2020-06-02 09:51:42.000,3.01,15.16,14.71,16.63
2020-06-02 09:51:45.000,3.0,15.16,14.71,16.63
2020-06-02 09:51:48.000,3.01,15.16,14.71,16.63
2020-06-02 09:51:51.000,3.01,15.16,14.71,16.63
2020-06-02 09:51:54.000,3.01,15.16,14.71,16.63
2020-06-02 09:51:57.000,3.01,15.16,14.71,16.63
2020-06-02 09:52:00.000,3.01,15.16,14.71,16.63
2020-06-02 09:52:03.000,3.01,15.16,14.71,16.63
2020-06-02 09:52:06.000,3.01,15.16,14.71,16.63
2020-06-02 09:52:09.000,3.01,15.16,14.71,16.63
2020-06-02 09:52:12.000,3.01,15.16,14.71,16.63
2020-06-02 09:52:15.000,3.01,15.16,14.71,16.63
2020-06-02 09:52:18.000,3.01,15.16,14.71,16.63
2020-06-02 09:52:21.000,3.01,15.16,14.71,16.63
2020-06-02 09:52:24.000,3.01,15.16,14.71,16.63
2020-06-02 09:52:27.000,3.01,15.16,14.71,16.63
2020-06-02 09:52:30.000,3.01,15.16,14.71,16.63
2020-06-02 09:52:33.000,3.01,15.16,14.71,16.63
2020-06-02 09:52:36.000,3.01,15.16,14.71,16.63
2020-06-02 09:52:39.000,3.01,15.16,14.71,16.63
2020-06-02 09:52:42.000,3.01,15.16,14.71,16.63
2020-06-02 09:52:45.000,3.01,15.16,14.71,16.63
2020-06-02 09:52:48.000,3.01,15.16,14.71,16.63
2020-06-02 09:52:51.000,3.01,15.16,14.71,16.63
2020-06-02 09:52:54.000,3.01,15.16,14.71,16.63
2020-06-02 09:52:57.000,3.01,15.16,14.71,16.63
2020-06-02 09:53:00.000,3.01,15.16,14.71,16.63
2020-06-02 09:53:03.000,3.01,15.16,14.71,16.63
2020-06-02 09:53:06.000,3.01,15.16,14.71,16.63
2020-06-02 09:53:09.000,3.01,15.16,14.71,16.63
2020-06-02 09:53:12.000,3.01,15.16,14.71,16.63
2020-06-02 09:53:15.000,3.01,15.16,14.71,16.63
2020-06-02 09:53:18.000,3.01,15.16,14.71,16.63
2020-06-02 09:53:21.000,3.01,15.16,14.71,16.63
2020-06-02 09:53:24.000,3.01,15.16,14.71,16.63
2020-06-02 09:53:27.000,3.01,15.16,14.71,16.63
2020-06-02 09:53:30.000,3.01,15.16,14.71,16.63
2020-06-02 09:53:33.000,3.01,15.16,14.71,16.63
2020-06-02 09:53:36.000,3.01,15.16,14.71,16.63
2020-06-02 09:53:39.000,3.01,15.16,14.71,16.63
2020-06-02 09:53:42.000,3.01,15.16,14.71,16.63
2020-06-02 09:53:45.000,3.01,15.16,14.71,16.63
2020-06-02 09:53:48.000,3.01,15.16,14.71,16.63
2020-06-02 09:53:51.000,3.01,15.16,14.71,16.63
2020-06-02 09:53:54.000,3.01,15.17,14.71,16.63
2020-06-02 09:53:57.000,3.01,15.17,14.71,16.63
2020-06-02 09:54:00.000,3.01,15.17,14.71,16.63
2020-06-02 09:54:03.000,3.01,15.17,14.71,16.63
2020-06-02 09:54:06.000,3.01,15.17,14.71,16.63
2020-06-02 09:54:09.000,3.01,15.17,14.71,16.63
2020-06-02 09:54:12.000,3.01,15.17,14.71,16.63
2020-06-02 09:54:15.000,3.01,15.17,14.71,16.63
2020-06-02 09:54:18.000,3.01,15.17,14.71,16.63
2020-06-02 09:54:21.000,3.01,15.17,14.71,16.63
2020-06-02 09:54:24.000,3.01,15.17,14.71,16.63
2020-06-02 09:54:27.000,3.01,15.17,14.71,16.63
2020-06-02 09:54:30.000,3.01,15.17,14.71,16.63
2020-06-02 09:54:33.000,3.01,15.17,14.71,16.63
2020-06-02 09:54:36.000,3.01,15.17,14.71,16.63
2020-06-02 09:54:39.000,3.01,15.17,14.71,16.63
2020-06-02 09:54:42.000,3.01,15.17,14.71,16.63
2020-06-02 09:54:45.000,3.01,15.17,14.71,16.63
2020-06-02 09:54:48.000,3.01,15.17,14.71,16.63
2020-06-02 09:54:51.000,3.01,15.17,14.71,16.63
2020-06-02 09:54:54.000,3.01,15.17,14.71,16.63
2020-06-02 09:54:57.000,3.01,15.17,14.71,16.63
2020-06-02 09:55:00.000,3.01,15.17,14.71,16.63
2020-06-02 09:55:03.000,3.01,15.17,14.71,16.63
2020-06-02 09:55:06.000,3.01,15.17,14.71,16.63
2020-06-02 09:55:09.000,3.01,15.17,14.71,16.63
2020-06-02 09:55:12.000,3.01,15.17,14.71,16.63
2020-06-02 09:55:15.000,3.01,15.17,14.71,16.63
2020-06-02 09:55:18.000,3.01,15.17,14.71,16.63
2020-06-02 09:55:21.000,3.01,15.17,14.71,16.63
2020-06-02 09:55:24.000,3.01,15.17,14.71,16.63
2020-06-02 09:55:27.000,3.01,15.17,14.71,16.63
2020-06-02 09:55:30.000,3.01,15.17,14.71,16.63
2020-06-02 09:55:33.000,3.01,15.17,14.71,16.63
2020-06-02 09:55:36.000,3.01,15.17,14.71,16.63
2020-06-02 09:55:39.000,3.01,15.17,14.71,16.63
2020-06-02 09:55:42.000,3.01,15.17,14.71,16.63
2020-06-02 09:55:45.000,3.01,15.17,14.71,16.63
2020-06-02 09:55:48.000,3.01,15.17,14.71,16.63
2020-06-02 09:55:51.000,3.01,15.17,14.76,16.63
2020-06-02 09:55:54.000,3.01,15.17,14.76,16.63
2020-06-02 09:55:57.000,3.01,15.17,14.76,16.63
2020-06-02 09:56:00.000,3.01,15.17,14.76,16.63
2020-06-02 09:56:03.000,3.01,15.17,14.76,16.63
2020-06-02 09:56:06.000,3.01,15.17,14.76,16.63
2020-06-02 09:56:09.000,3.01,15.17,14.76,16.63
2020-06-02 09:56:12.000,3.01,15.17,14.76,16.63
2020-06-02 09:56:15.000,3.01,15.17,14.76,16.63
2020-06-02 09:56:18.000,3.01,15.17,14.76,16.63
2020-06-02 09:56:21.000,3.01,15.17,14.76,16.63
2020-06-02 09:56:24.000,3.01,15.17,14.76,16.63
2020-06-02 09:56:27.000,3.01,15.17,14.76,16.63
2020-06-02 09:56:30.000,3.01,15.17,14.76,16.63
2020-06-02 09:56:33.000,3.01,15.17,14.76,16.63
2020-06-02 09:56:36.000,3.01,15.17,14.76,16.63
2020-06-02 09:56:39.000,3.01,15.17,14.76,16.63
2020-06-02 09:56:42.000,3.01,15.17,14.76,16.63
2020-06-02 09:56:45.000,3.01,15.17,14.76,16.63
2020-06-02 09:56:48.000,3.01,15.17,14.76,16.63
2020-06-02 09:56:51.000,3.01,15.17,14.76,16.63
2020-06-02 09:56:54.000,3.01,15.17,14.76,16.63
2020-06-02 09:56:57.000,3.01,15.17,14.76,16.63
2020-06-02 09:57:00.000,3.01,15.17,14.76,16.63
2020-06-02 09:57:03.000,3.01,15.17,14.76,16.63
2020-06-02 09:57:06.000,3.01,15.17,14.76,16.63
2020-06-02 09:57:09.000,3.01,15.17,14.85,16.63
2020-06-02 09:57:12.000,3.01,15.17,14.87,16.63
2020-06-02 09:57:15.000,3.01,15.17,14.87,16.63
2020-06-02 09:57:18.000,3.01,15.17,14.87,16.63
2020-06-02 09:57:21.000,3.01,15.17,14.87,16.63
2020-06-02 09:57:24.000,3.01,15.17,14.87,16.63
2020-06-02 09:57:27.000,3.01,15.17,14.87,16.63
2020-06-02 09:57:30.000,3.01,15.17,14.84,16.63
2020-06-02 09:57:33.000,3.01,15.17,14.83,16.63
2020-06-02 09:57:36.000,3.01,15.17,14.84,16.63
2020-06-02 09:57:39.000,3.01,15.17,14.84,16.63
2020-06-02 09:57:42.000,3.01,15.17,14.84,16.63
2020-06-02 09:57:45.000,3.01,15.17,14.84,16.63
2020-06-02 09:57:48.000,3.01,15.17,14.84,16.63
2020-06-02 09:57:51.000,3.01,15.17,14.84,16.63
2020-06-02 09:57:54.000,3.01,15.17,14.84,16.63
2020-06-02 09:57:57.000,3.01,15.17,14.84,16.63
2020-06-02 09:58:00.000,3.01,15.17,14.84,16.63
2020-06-02 09:58:03.000,3.01,15.17,14.84,16.63
2020-06-02 09:58:06.000,3.01,15.17,14.84,16.63
2020-06-02 09:58:09.000,3.01,15.17,14.84,16.63
2020-06-02 09:58:12.000,3.01,15.17,14.84,16.63
2020-06-02 09:58:15.000,3.01,15.17,14.84,16.63
2020-06-02 09:58:18.000,3.01,15.17,14.84,16.63
2020-06-02 09:58:21.000,3.01,15.17,14.84,16.63
2020-06-02 09:58:24.000,3.01,15.17,14.84,16.63
2020-06-02 09:58:27.000,3.01,15.17,14.84,16.63
2020-06-02 09:58:30.000,3.01,15.17,14.84,16.63
2020-06-02 09:58:33.000,3.01,15.17,14.84,16.63
2020-06-02 09:58:36.000,3.01,15.17,14.84,16.63
2020-06-02 09:58:39.000,3.01,15.17,14.84,16.63
2020-06-02 09:58:42.000,3.01,15.17,14.84,16.63
2020-06-02 09:58:45.000,3.01,15.17,14.84,16.63
2020-06-02 09:58:48.000,3.01,15.17,14.84,16.63
2020-06-02 09:58:51.000,3.01,15.17,14.84,16.63
2020-06-02 09:58:54.000,3.01,15.17,14.84,16.63
2020-06-02 09:58:57.000,3.01,15.17,14.84,16.63
2020-06-02 09:59:00.000,3.01,15.17,14.84,16.63
2020-06-02 09:59:03.000,3.01,15.17,14.84,16.63
2020-06-02 09:59:06.000,3.01,15.17,14.84,16.41
2020-06-02 09:59:09.000,3.01,15.17,14.84,16.4
2020-06-02 09:59:12.000,3.01,15.17,14.84,16.4
2020-06-02 09:59:15.000,3.01,15.17,14.84,16.4
2020-06-02 09:59:18.000,3.01,15.17,14.84,16.4
2020-06-02 09:59:21.000,3.01,15.17,14.84,16.41
2020-06-02 09:59:24.000,3.01,15.17,14.84,16.42
2020-06-02 09:59:27.000,3.01,15.17,14.84,16.42
2020-06-02 09:59:30.000,3.01,15.17,14.84,16.42
2020-06-02 09:59:33.000,3.01,15.17,14.84,16.41
2020-06-02 09:59:36.000,3.01,15.14,14.84,16.4
2020-06-02 09:59:39.000,3.01,15.14,14.84,16.4
2020-06-02 09:59:42.000,3.01,15.14,14.84,16.4
2020-06-02 09:59:45.000,3.01,15.14,14.84,16.4
2020-06-02 09:59:48.000,3.01,15.13,14.84,16.4
2020-06-02 09:59:51.000,3.01,15.13,14.84,16.4
2020-06-02 09:59:54.000,3.01,15.13,14.84,16.4
2020-06-02 09:59:57.000,3.01,15.13,14.84,16.4
2020-06-02 10:00:00.000,3.01,15.13,14.84,16.4
2020-06-02 10:00:03.000,3.01,15.13,14.84,16.4
2020-06-02 10:00:06.000,3.01,15.13,14.84,16.4
2020-06-02 10:00:09.000,3.01,15.13,14.84,16.4
2020-06-02 10:00:12.000,3.01,15.13,14.84,16.4
2020-06-02 10:00:15.000,3.01,15.13,14.84,16.4
2020-06-02 10:00:18.000,3.01,15.13,14.84,16.4
2020-06-02 10:00:21.000,3.01,15.13,14.84,16.4
2020-06-02 10:00:24.000,3.01,15.13,14.84,16.4
2020-06-02 10:00:27.000,3.01,15.13,14.84,16.4
2020-06-02 10:00:30.000,3.01,15.13,14.84,16.4
2020-06-02 10:00:33.000,3.01,15.13,14.84,16.4
2020-06-02 10:00:36.000,3.01,15.13,14.84,16.4
2020-06-02 10:00:39.000,3.01,15.13,14.84,16.4
2020-06-02 10:00:42.000,3.01,15.13,14.84,16.4
2020-06-02 10:00:45.000,3.01,15.13,14.84,16.4
2020-06-02 10:00:48.000,3.01,15.13,14.84,16.4
2020-06-02 10:00:51.000,3.01,15.13,14.84,16.4
2020-06-02 10:00:54.000,3.01,15.13,14.84,16.4
2020-06-02 10:00:57.000,3.01,15.13,14.84,16.4
2020-06-02 10:01:00.000,3.01,15.13,14.84,16.4
2020-06-02 10:01:03.000,3.01,15.13,14.84,16.4
2020-06-02 10:01:06.000,3.01,15.13,14.84,16.4
2020-06-02 10:01:09.000,3.01,15.13,14.84,16.4
2020-06-02 10:01:12.000,3.01,15.13,14.84,16.4
2020-06-02 10:01:15.000,3.01,15.13,14.84,16.4
2020-06-02 10:01:18.000,3.01,15.13,14.84,16.4
2020-06-02 10:01:21.000,3.01,15.13,14.84,16.4
2020-06-02 10:01:24.000,3.01,15.13,14.84,16.4
2020-06-02 10:01:27.000,3.01,15.13,14.84,16.4
2020-06-02 10:01:30.000,3.01,15.13,14.84,16.4
2020-06-02 10:01:33.000,3.01,15.13,14.84,16.4
2020-06-02 10:01:36.000,3.01,15.13,14.86,16.4
2020-06-02 10:01:39.000,3.01,15.13,14.86,16.4
2020-06-02 10:01:42.000,3.01,15.13,14.86,16.4
2020-06-02 10:01:45.000,3.01,15.13,14.86,16.4
2020-06-02 10:01:48.000,3.01,15.13,14.86,16.4
2020-06-02 10:01:51.000,3.01,15.13,14.86,16.4
2020-06-02 10:01:54.000,3.01,15.13,14.86,16.4
2020-06-02 10:01:57.000,3.01,15.13,14.86,16.4
2020-06-02 10:02:00.000,3.0,15.13,14.86,16.4
2020-06-02 10:02:03.000,3.01,15.13,14.86,16.4
2020-06-02 10:02:06.000,3.01,15.13,14.86,16.4
2020-06-02 10:02:09.000,3.01,15.13,14.86,16.4
2020-06-02 10:02:12.000,3.01,15.13,14.86,16.4
2020-06-02 10:02:15.000,3.01,15.13,14.86,16.4
2020-06-02 10:02:18.000,3.01,15.13,14.86,16.4
2020-06-02 10:02:21.000,3.01,15.13,14.86,16.4
2020-06-02 10:02:24.000,3.01,15.13,14.86,16.4
2020-06-02 10:02:27.000,3.01,15.13,14.86,16.4
2020-06-02 10:02:30.000,3.01,15.13,14.86,16.4
2020-06-02 10:02:33.000,3.01,15.13,14.86,16.4
2020-06-02 10:02:36.000,3.0,15.13,14.86,16.4
2020-06-02 10:02:39.000,3.0,15.13,14.86,16.4
2020-06-02 10:02:42.000,3.0,15.13,14.86,16.4
2020-06-02 10:02:45.000,3.0,15.13,14.86,16.4
2020-06-02 10:02:48.000,3.01,15.13,14.86,16.4
2020-06-02 10:02:51.000,3.01,15.13,14.86,16.4
2020-06-02 10:02:54.000,3.01,15.13,14.86,16.4
2020-06-02 10:02:57.000,3.0,15.13,14.86,16.4
2020-06-02 10:03:00.000,3.01,15.13,14.86,16.4
2020-06-02 10:03:03.000,3.01,15.13,14.86,16.4
2020-06-02 10:03:06.000,3.01,15.13,14.86,16.4
2020-06-02 10:03:09.000,3.01,15.13,14.86,16.4
2020-06-02 10:03:12.000,3.01,15.13,14.86,16.4
2020-06-02 10:03:15.000,3.0,15.13,14.86,16.4
2020-06-02 10:03:18.000,3.01,15.13,14.86,16.4
2020-06-02 10:03:21.000,3.01,15.13,14.86,16.4
2020-06-02 10:03:24.000,3.0,15.13,14.86,16.4
2020-06-02 10:03:27.000,3.0,15.13,14.86,16.4
2020-06-02 10:03:30.000,3.0,15.13,14.86,16.4
2020-06-02 10:03:33.000,3.0,15.13,14.86,16.4
2020-06-02 10:03:36.000,3.0,15.13,14.86,16.4
2020-06-02 10:03:39.000,3.0,15.13,14.86,16.4
2020-06-02 10:03:42.000,3.0,15.13,14.86,16.4
2020-06-02 10:03:45.000,3.0,15.13,14.86,16.4
2020-06-02 10:03:48.000,3.0,15.13,14.86,16.4
2020-06-02 10:03:51.000,3.0,15.13,14.86,16.4
2020-06-02 10:03:54.000,3.0,15.13,14.86,16.4
2020-06-02 10:03:57.000,3.01,15.13,14.86,16.4
2020-06-02 10:04:00.000,3.01,15.13,14.86,16.4
2020-06-02 10:04:03.000,3.01,15.13,14.86,16.4
2020-06-02 10:04:06.000,3.01,15.13,14.86,16.4
2020-06-02 10:04:09.000,3.01,15.13,14.86,16.4
2020-06-02 10:04:12.000,3.01,15.13,14.86,16.4
2020-06-02 10:04:15.000,3.01,15.13,14.86,16.4
2020-06-02 10:04:18.000,3.0,15.13,14.86,16.4
2020-06-02 10:04:21.000,3.01,15.13,14.86,16.4
2020-06-02 10:04:24.000,3.01,15.13,14.86,16.4
2020-06-02 10:04:27.000,3.01,15.13,14.86,16.4
2020-06-02 10:04:30.000,3.01,15.13,14.86,16.4
2020-06-02 10:04:33.000,3.01,15.13,14.86,16.4
2020-06-02 10:04:36.000,3.01,15.13,14.86,16.4
2020-06-02 10:04:39.000,3.01,15.13,14.86,16.4
2020-06-02 10:04:42.000,3.01,15.13,14.86,16.4
2020-06-02 10:04:45.000,3.01,15.13,14.86,16.4
2020-06-02 10:04:48.000,3.01,15.13,14.86,16.4
2020-06-02 10:04:51.000,3.01,15.13,14.86,16.4
2020-06-02 10:04:54.000,3.01,15.13,14.86,16.4
2020-06-02 10:04:57.000,3.01,15.13,14.86,16.4
2020-06-02 10:05:00.000,3.01,15.13,14.86,16.4
2020-06-02 10:05:03.000,3.01,15.13,14.86,16.4
2020-06-02 10:05:06.000,3.01,15.13,14.86,16.4
2020-06-02 10:05:09.000,3.01,15.13,14.86,16.4
2020-06-02 10:05:12.000,3.01,15.13,14.86,16.4
2020-06-02 10:05:15.000,3.01,15.13,14.86,16.4
2020-06-02 10:05:18.000,3.01,15.13,14.86,16.4
2020-06-02 10:05:21.000,3.01,15.13,14.86,16.4
2020-06-02 10:05:24.000,3.01,15.13,14.83,16.4
2020-06-02 10:05:27.000,3.01,15.13,14.83,16.4
2020-06-02 10:05:30.000,3.01,15.13,14.83,16.4
2020-06-02 10:05:33.000,3.01,15.13,14.83,16.4
2020-06-02 10:05:36.000,3.01,15.13,14.83,16.4
2020-06-02 10:05:39.000,3.01,15.13,14.83,16.4
2020-06-02 10:05:42.000,3.01,15.13,14.83,16.4
2020-06-02 10:05:45.000,3.01,15.13,14.83,16.4
2020-06-02 10:05:48.000,3.01,15.13,14.83,16.4
2020-06-02 10:05:51.000,3.01,15.13,14.83,16.4
2020-06-02 10:05:54.000,3.01,15.13,14.83,16.4
2020-06-02 10:05:57.000,3.01,15.13,14.83,16.4
2020-06-02 10:06:00.000,3.01,15.13,14.83,16.4
2020-06-02 10:06:03.000,3.01,15.13,14.83,16.4
2020-06-02 10:06:06.000,3.01,15.13,14.83,16.4
2020-06-02 10:06:09.000,3.01,15.13,14.83,16.4
2020-06-02 10:06:12.000,3.01,15.13,14.83,16.4
2020-06-02 10:06:15.000,3.01,15.13,14.83,16.4
2020-06-02 10:06:18.000,3.01,15.13,14.83,16.4
2020-06-02 10:06:21.000,3.01,15.13,14.84,16.4
2020-06-02 10:06:24.000,3.01,15.13,14.84,16.4
2020-06-02 10:06:27.000,3.01,15.13,14.84,16.4
2020-06-02 10:06:30.000,3.01,15.13,14.84,16.4
2020-06-02 10:06:33.000,3.01,15.13,14.84,16.4
2020-06-02 10:06:36.000,3.01,15.13,14.84,16.4
2020-06-02 10:06:39.000,3.01,15.13,14.84,16.4
2020-06-02 10:06:42.000,3.01,15.13,14.83,16.4
2020-06-02 10:06:45.000,3.01,15.13,14.83,16.4
2020-06-02 10:06:48.000,3.01,15.13,14.83,16.4
2020-06-02 10:06:51.000,3.01,15.13,14.83,16.4
2020-06-02 10:06:54.000,3.01,15.13,14.83,16.4
2020-06-02 10:06:57.000,3.01,15.13,14.83,16.4
2020-06-02 10:07:00.000,3.01,15.13,14.83,16.4
2020-06-02 10:07:03.000,3.01,15.13,14.83,16.4
2020-06-02 10:07:06.000,3.01,15.13,14.83,16.4
2020-06-02 10:07:09.000,3.01,15.13,14.83,16.4
2020-06-02 10:07:12.000,3.01,15.13,14.83,16.4
2020-06-02 10:07:15.000,3.01,15.13,14.83,16.4
2020-06-02 10:07:18.000,3.01,15.13,14.83,16.4
2020-06-02 10:07:21.000,3.01,15.13,14.83,16.4
2020-06-02 10:07:24.000,3.01,15.13,14.83,16.4
2020-06-02 10:07:27.000,3.01,15.13,14.83,16.4
2020-06-02 10:07:30.000,3.01,15.13,14.83,16.4
2020-06-02 10:07:33.000,3.01,15.13,14.83,16.4
2020-06-02 10:07:36.000,3.01,15.13,14.83,16.4
2020-06-02 10:07:39.000,3.01,15.13,14.83,16.4
2020-06-02 10:07:42.000,3.01,15.13,14.83,16.4
2020-06-02 10:07:45.000,3.01,15.13,14.83,16.4
2020-06-02 10:07:48.000,3.01,15.13,14.83,16.4
2020-06-02 10:07:51.000,3.01,15.13,14.83,16.4
2020-06-02 10:07:54.000,3.01,15.13,14.83,16.4
2020-06-02 10:07:57.000,3.01,15.13,14.83,16.4
2020-06-02 10:08:00.000,3.01,15.13,14.83,16.4
2020-06-02 10:08:03.000,3.01,15.13,14.83,16.4
2020-06-02 10:08:06.000,3.01,15.13,14.83,16.4
2020-06-02 10:08:09.000,3.01,15.13,14.83,16.4
2020-06-02 10:08:12.000,3.01,15.13,14.83,16.4
2020-06-02 10:08:15.000,3.01,15.13,14.83,16.4
2020-06-02 10:08:18.000,3.01,15.13,14.83,16.4
2020-06-02 10:08:21.000,3.01,15.13,14.83,16.4
2020-06-02 10:08:24.000,3.01,15.13,14.83,16.4
2020-06-02 10:08:27.000,3.01,15.13,14.83,16.4
2020-06-02 10:08:30.000,3.01,15.13,14.83,16.4
2020-06-02 10:08:33.000,3.01,15.13,14.83,16.4
2020-06-02 10:08:36.000,3.01,15.13,14.83,16.4
2020-06-02 10:08:39.000,3.01,15.13,14.83,16.4
2020-06-02 10:08:42.000,3.01,15.13,14.83,16.4
2020-06-02 10:08:45.000,3.01,15.13,14.83,16.4
2020-06-02 10:08:48.000,3.01,15.13,14.83,16.4
2020-06-02 10:08:51.000,3.01,15.13,14.83,16.4
2020-06-02 10:08:54.000,3.01,15.13,14.83,16.4
2020-06-02 10:08:57.000,3.01,15.13,14.83,16.4
2020-06-02 10:09:00.000,3.01,15.13,14.83,16.4
2020-06-02 10:09:03.000,3.01,15.13,14.83,16.4
2020-06-02 10:09:06.000,3.01,15.13,14.83,16.4
2020-06-02 10:09:09.000,3.01,15.13,14.83,16.4
2020-06-02 10:09:12.000,3.01,15.13,14.83,16.4
2020-06-02 10:09:15.000,3.01,15.13,14.83,16.4
2020-06-02 10:09:18.000,3.01,15.13,14.83,16.4
2020-06-02 10:09:21.000,3.01,15.13,14.83,16.4
2020-06-02 10:09:24.000,3.01,15.13,14.83,16.4
2020-06-02 10:09:27.000,3.01,15.13,14.83,16.4
2020-06-02 10:09:30.000,3.01,15.13,14.83,16.4
2020-06-02 10:09:33.000,3.01,15.13,14.83,16.4
2020-06-02 10:09:36.000,3.01,15.13,14.83,16.4
2020-06-02 10:09:39.000,3.01,15.13,14.83,16.4
2020-06-02 10:09:42.000,3.01,15.13,14.83,16.4
2020-06-02 10:09:45.000,3.01,15.13,14.83,16.4
2020-06-02 10:09:48.000,3.01,15.13,14.83,16.4
2020-06-02 10:09:51.000,3.01,15.13,14.83,16.4
2020-06-02 10:09:54.000,3.01,15.13,14.83,16.4
2020-06-02 10:09:57.000,3.01,15.13,14.83,16.4
2020-06-02 10:10:00.000,3.01,15.13,14.83,16.4
2020-06-02 10:10:03.000,3.01,15.13,14.83,16.4
2020-06-02 10:10:06.000,3.01,15.13,14.83,16.4
2020-06-02 10:10:09.000,3.01,15.13,14.83,16.4
2020-06-02 10:10:12.000,3.01,15.13,14.83,16.4
2020-06-02 10:10:15.000,3.01,15.13,14.83,16.4
2020-06-02 10:10:18.000,3.01,15.13,14.83,16.4
2020-06-02 10:10:21.000,3.01,15.13,14.83,16.4
2020-06-02 10:10:24.000,3.01,15.13,14.83,16.4
2020-06-02 10:10:27.000,3.01,15.13,14.83,16.4
2020-06-02 10:10:30.000,3.01,15.13,14.83,16.4
2020-06-02 10:10:33.000,3.01,15.13,14.83,16.4
2020-06-02 10:10:36.000,3.01,15.13,14.83,16.4
2020-06-02 10:10:39.000,3.01,15.13,14.83,16.4
2020-06-02 10:10:42.000,3.01,15.13,14.83,16.4
2020-06-02 10:10:45.000,3.01,15.13,14.83,16.4
2020-06-02 10:10:48.000,3.01,15.13,14.83,16.4
2020-06-02 10:10:51.000,3.01,15.13,14.83,16.4
2020-06-02 10:10:54.000,3.01,15.13,14.83,16.4
2020-06-02 10:10:57.000,3.01,15.13,14.83,16.4
2020-06-02 10:11:00.000,3.01,15.13,14.83,16.4
2020-06-02 10:11:03.000,3.01,15.13,14.83,16.4
2020-06-02 10:11:06.000,3.01,15.13,14.83,16.4
2020-06-02 10:11:09.000,3.01,15.13,14.83,16.4
2020-06-02 10:11:12.000,3.01,15.13,14.83,16.4
2020-06-02 10:11:15.000,3.01,15.13,14.83,16.4
2020-06-02 10:11:18.000,3.01,15.13,14.83,16.4
2020-06-02 10:11:21.000,3.01,15.13,14.83,16.4
2020-06-02 10:11:24.000,3.01,15.13,14.83,16.4
2020-06-02 10:11:27.000,3.01,15.13,14.83,16.4
2020-06-02 10:11:30.000,3.01,15.13,14.83,16.4
2020-06-02 10:11:33.000,3.01,15.13,14.83,16.4
2020-06-02 10:11:36.000,3.01,15.13,14.83,16.4
2020-06-02 10:11:39.000,3.01,15.13,14.83,16.4
2020-06-02 10:11:42.000,3.01,15.13,14.83,16.4
2020-06-02 10:11:45.000,3.01,15.13,14.83,16.4
2020-06-02 10:11:48.000,3.01,15.13,14.83,16.4
2020-06-02 10:11:51.000,3.01,15.13,14.83,16.4
2020-06-02 10:11:54.000,3.01,15.13,14.83,16.4
2020-06-02 10:11:57.000,3.01,15.13,14.83,16.4
2020-06-02 10:12:00.000,3.01,15.13,14.83,16.4
2020-06-02 10:12:03.000,3.01,15.19,14.83,16.4
2020-06-02 10:12:06.000,3.01,15.19,14.81,16.4
2020-06-02 10:12:09.000,3.01,15.19,14.81,16.4
2020-06-02 10:12:12.000,3.01,15.19,14.81,16.4
2020-06-02 10:12:15.000,3.01,15.19,14.81,16.4
2020-06-02 10:12:18.000,3.01,15.19,14.81,16.4
2020-06-02 10:12:21.000,3.01,15.19,14.81,16.4
2020-06-02 10:12:24.000,3.01,15.19,14.81,16.4
2020-06-02 10:12:27.000,3.01,15.19,14.81,16.4
2020-06-02 10:12:30.000,3.01,15.19,14.81,16.4
2020-06-02 10:12:33.000,3.01,15.19,14.81,16.4
2020-06-02 10:12:36.000,3.01,15.19,14.81,16.4
2020-06-02 10:12:39.000,3.01,15.19,14.81,16.4
2020-06-02 10:12:42.000,3.01,15.19,14.81,16.4
2020-06-02 10:12:45.000,3.01,15.19,14.81,16.4
2020-06-02 10:12:48.000,3.01,15.19,14.81,16.4
2020-06-02 10:12:51.000,3.01,15.19,14.81,16.4
2020-06-02 10:12:54.000,3.01,15.19,14.81,16.4
2020-06-02 10:12:57.000,3.01,15.19,14.81,16.4
2020-06-02 10:13:00.000,3.01,15.19,14.81,16.4
2020-06-02 10:13:03.000,3.01,15.19,14.81,16.4
2020-06-02 10:13:06.000,3.01,15.19,14.81,16.4
2020-06-02 10:13:09.000,3.01,15.19,14.81,16.4
2020-06-02 10:13:12.000,3.01,15.19,14.81,16.4
2020-06-02 10:13:15.000,3.01,15.19,14.81,16.4
2020-06-02 10:13:18.000,3.01,15.19,14.81,16.4
2020-06-02 10:13:21.000,3.01,15.19,14.81,16.4
2020-06-02 10:13:24.000,3.01,15.19,14.81,16.4
2020-06-02 10:13:27.000,3.01,15.19,14.81,16.4
2020-06-02 10:13:30.000,3.01,15.19,14.81,16.4
2020-06-02 10:13:33.000,3.01,15.19,14.81,16.4
2020-06-02 10:13:36.000,3.01,15.19,14.81,16.4
2020-06-02 10:13:39.000,3.01,15.19,14.81,16.4
2020-06-02 10:13:42.000,3.01,15.19,14.8,16.4
2020-06-02 10:13:45.000,3.01,15.19,14.8,16.4
2020-06-02 10:13:48.000,3.01,15.19,14.8,16.4
2020-06-02 10:13:51.000,3.01,15.19,14.8,16.4
2020-06-02 10:13:54.000,3.01,15.19,14.8,16.4
2020-06-02 10:13:57.000,3.01,15.19,14.8,16.4
2020-06-02 10:14:00.000,3.01,15.19,14.8,16.4
2020-06-02 10:14:03.000,3.01,15.19,14.8,16.4
2020-06-02 10:14:06.000,3.01,15.19,14.8,16.4
2020-06-02 10:14:09.000,3.01,15.19,14.8,16.4
2020-06-02 10:14:12.000,3.01,15.19,14.8,16.4
2020-06-02 10:14:15.000,3.01,15.19,14.8,16.4
2020-06-02 10:14:18.000,3.01,15.19,14.8,16.4
2020-06-02 10:14:21.000,3.01,15.19,14.8,16.4
2020-06-02 10:14:24.000,3.01,15.19,14.8,16.4
2020-06-02 10:14:27.000,3.01,15.19,14.8,16.4
2020-06-02 10:14:30.000,3.01,15.19,14.8,16.4
2020-06-02 10:14:33.000,3.01,15.19,14.81,16.4
2020-06-02 10:14:36.000,3.01,15.19,14.81,16.4
2020-06-02 10:14:39.000,3.01,15.19,14.81,16.4
2020-06-02 10:14:42.000,3.01,15.19,14.81,16.4
2020-06-02 10:14:45.000,3.01,15.19,14.81,16.4
2020-06-02 10:14:48.000,3.01,15.19,14.81,16.4
2020-06-02 10:14:51.000,3.01,15.19,14.81,16.4
2020-06-02 10:14:54.000,3.01,15.19,14.81,16.4
2020-06-02 10:14:57.000,3.01,15.19,14.81,16.4
2020-06-02 10:15:00.000,3.01,15.16,14.81,16.4
2020-06-02 10:15:03.000,3.01,15.16,14.81,16.4
2020-06-02 10:15:06.000,3.01,15.16,14.81,16.4
2020-06-02 10:15:09.000,3.01,15.16,14.81,16.4
2020-06-02 10:15:12.000,3.01,15.16,14.81,16.4
2020-06-02 10:15:15.000,3.01,15.16,14.81,16.4
2020-06-02 10:15:18.000,3.01,15.16,14.81,16.4
2020-06-02 10:15:21.000,3.01,15.16,14.81,16.4
2020-06-02 10:15:24.000,3.01,15.16,14.81,16.4
2020-06-02 10:15:27.000,3.01,15.16,14.81,16.4
2020-06-02 10:15:30.000,3.01,15.16,14.81,16.4
2020-06-02 10:15:33.000,3.01,15.16,14.81,16.4
2020-06-02 10:15:36.000,3.01,15.16,14.81,16.4
2020-06-02 10:15:39.000,3.01,15.16,14.81,16.4
2020-06-02 10:15:42.000,3.01,15.16,14.81,16.4
2020-06-02 10:15:45.000,3.01,15.16,14.81,16.4
2020-06-02 10:15:48.000,3.01,15.16,14.81,16.4
2020-06-02 10:15:51.000,3.01,15.16,14.81,16.4
2020-06-02 10:15:54.000,3.01,15.16,14.83,16.4
2020-06-02 10:15:57.000,3.01,15.16,14.83,16.4
2020-06-02 10:16:00.000,3.01,15.16,14.83,16.4
2020-06-02 10:16:03.000,3.01,15.16,14.83,16.4
2020-06-02 10:16:06.000,3.01,15.16,14.83,16.4
2020-06-02 10:16:09.000,3.01,15.16,14.83,16.4
2020-06-02 10:16:12.000,3.01,15.16,14.83,16.4
2020-06-02 10:16:15.000,3.01,15.16,14.83,16.4
2020-06-02 10:16:18.000,3.01,15.16,14.83,16.4
2020-06-02 10:16:21.000,3.01,15.16,14.83,16.4
2020-06-02 10:16:24.000,3.01,15.16,14.83,16.4
2020-06-02 10:16:27.000,3.01,15.16,14.83,16.4
2020-06-02 10:16:30.000,3.01,15.16,14.83,16.4
2020-06-02 10:16:33.000,3.01,15.16,14.83,16.4
2020-06-02 10:16:36.000,3.01,15.16,14.83,16.4
2020-06-02 10:16:39.000,3.01,15.16,14.83,16.4
2020-06-02 10:16:42.000,3.01,15.16,14.83,16.4
2020-06-02 10:16:45.000,3.01,15.16,14.83,16.4
2020-06-02 10:16:48.000,3.01,15.16,14.83,16.4
2020-06-02 10:16:51.000,3.01,15.16,14.83,16.4
2020-06-02 10:16:54.000,3.01,15.16,14.83,16.4
2020-06-02 10:16:57.000,3.01,15.16,14.83,16.4
2020-06-02 10:17:00.000,3.01,15.16,14.83,16.4
2020-06-02 10:17:03.000,3.01,15.16,14.83,16.4
2020-06-02 10:17:06.000,3.01,15.16,14.82,16.4
2020-06-02 10:17:09.000,3.01,15.16,14.82,16.4
2020-06-02 10:17:12.000,3.01,15.18,14.82,16.4
2020-06-02 10:17:15.000,3.01,15.18,14.82,16.4
2020-06-02 10:17:18.000,3.01,15.18,14.81,16.4
2020-06-02 10:17:21.000,3.01,15.18,14.81,16.4
2020-06-02 10:17:24.000,3.01,15.18,14.81,16.4
2020-06-02 10:17:27.000,3.01,15.18,14.81,16.4
2020-06-02 10:17:30.000,3.01,15.18,14.81,16.4
2020-06-02 10:17:33.000,3.01,15.18,14.81,16.4
2020-06-02 10:17:36.000,3.01,15.17,14.81,16.4
2020-06-02 10:17:39.000,3.01,15.17,14.81,16.4
2020-06-02 10:17:42.000,3.01,15.17,14.81,16.4
2020-06-02 10:17:45.000,3.01,15.17,14.81,16.4
2020-06-02 10:17:48.000,3.01,15.17,14.81,16.4
2020-06-02 10:17:51.000,3.01,15.17,14.81,16.4
2020-06-02 10:17:54.000,3.01,15.18,14.81,16.4
2020-06-02 10:17:57.000,3.01,15.18,14.81,16.4
2020-06-02 10:18:00.000,3.01,15.18,14.81,16.4
2020-06-02 10:18:03.000,3.01,15.18,14.81,16.4
2020-06-02 10:18:06.000,3.01,15.18,14.81,16.4
2020-06-02 10:18:09.000,3.01,15.18,14.81,16.4
2020-06-02 10:18:12.000,3.01,15.18,14.81,16.4
2020-06-02 10:18:15.000,3.01,15.18,14.81,16.4
2020-06-02 10:18:18.000,3.01,15.18,14.81,16.4
2020-06-02 10:18:21.000,3.01,15.18,14.81,16.4
2020-06-02 10:18:24.000,3.01,15.18,14.81,16.4
2020-06-02 10:18:27.000,3.01,15.18,14.81,16.4
2020-06-02 10:18:30.000,3.01,15.18,14.82,16.4
2020-06-02 10:18:33.000,3.01,15.18,14.81,16.4
2020-06-02 10:18:36.000,3.01,15.18,14.81,16.4
2020-06-02 10:18:39.000,3.01,15.18,14.81,16.4
2020-06-02 10:18:42.000,3.01,15.17,14.82,16.4
2020-06-02 10:18:45.000,3.01,15.17,14.82,16.4
2020-06-02 10:18:48.000,3.01,15.17,14.82,16.4
2020-06-02 10:18:51.000,3.01,15.17,14.82,16.4
2020-06-02 10:18:54.000,3.01,15.17,14.82,16.4
2020-06-02 10:18:57.000,3.01,15.17,14.82,16.4
2020-06-02 10:19:00.000,3.01,15.17,14.82,16.4
2020-06-02 10:19:03.000,3.01,15.17,14.82,16.4
2020-06-02 10:19:06.000,3.01,15.17,14.82,16.4
2020-06-02 10:19:09.000,3.01,15.17,14.82,16.4
2020-06-02 10:19:12.000,3.01,15.17,14.8,16.4
2020-06-02 10:19:15.000,3.01,15.17,14.8,16.4
2020-06-02 10:19:18.000,3.01,15.17,14.8,16.4
2020-06-02 10:19:21.000,3.01,15.17,14.8,16.4
2020-06-02 10:19:24.000,3.01,15.17,14.8,16.4
2020-06-02 10:19:27.000,3.01,15.17,14.8,16.4
2020-06-02 10:19:30.000,3.01,15.17,14.8,16.4
2020-06-02 10:19:33.000,3.01,15.17,14.8,16.4
2020-06-02 10:19:36.000,3.01,15.17,14.8,16.4
2020-06-02 10:19:39.000,3.01,15.17,14.8,16.4
2020-06-02 10:19:42.000,3.01,15.17,14.82,16.4
2020-06-02 10:19:45.000,3.01,15.17,14.82,16.4
2020-06-02 10:19:48.000,3.01,15.17,14.82,16.4
2020-06-02 10:19:51.000,3.01,15.17,14.82,16.4
2020-06-02 10:19:54.000,3.01,15.17,14.82,16.39
2020-06-02 10:19:57.000,3.01,15.17,14.82,16.39
2020-06-02 10:20:00.000,3.01,15.17,14.82,16.39
2020-06-02 10:20:03.000,3.01,15.17,14.82,16.39
2020-06-02 10:20:06.000,3.01,15.17,14.82,16.39
2020-06-02 10:20:09.000,3.01,15.17,14.82,16.39
2020-06-02 10:20:12.000,3.01,15.17,14.82,16.39
2020-06-02 10:20:15.000,3.01,15.17,14.82,16.39
2020-06-02 10:20:18.000,3.01,15.17,14.82,16.39
2020-06-02 10:20:21.000,3.01,15.17,14.82,16.39
2020-06-02 10:20:24.000,3.01,15.17,14.82,16.39
2020-06-02 10:20:27.000,3.01,15.17,14.82,16.39
2020-06-02 10:20:30.000,3.01,15.17,14.82,16.39
2020-06-02 10:20:33.000,3.01,15.17,14.82,16.39
2020-06-02 10:20:36.000,3.01,15.17,14.82,16.39
2020-06-02 10:20:39.000,3.01,15.17,14.82,16.39
2020-06-02 10:20:42.000,3.01,15.17,14.82,16.39
2020-06-02 10:20:45.000,3.01,15.17,14.82,16.39
2020-06-02 10:20:48.000,3.01,15.17,14.82,16.39
2020-06-02 10:20:51.000,3.01,15.17,14.82,16.39
2020-06-02 10:20:54.000,3.01,15.17,14.82,16.39
2020-06-02 10:20:57.000,3.01,15.17,14.82,16.39
2020-06-02 10:21:00.000,3.01,15.17,14.82,16.39
2020-06-02 10:21:03.000,3.01,15.17,14.79,16.39
2020-06-02 10:21:06.000,3.01,15.17,14.79,16.39
2020-06-02 10:21:09.000,3.01,15.17,14.79,16.39
2020-06-02 10:21:12.000,3.01,15.17,14.79,16.39
2020-06-02 10:21:15.000,3.01,15.17,14.79,16.39
2020-06-02 10:21:18.000,3.01,15.17,14.79,16.39
2020-06-02 10:21:21.000,3.01,15.17,14.79,16.39
2020-06-02 10:21:24.000,3.01,15.17,14.79,16.39
2020-06-02 10:21:27.000,3.01,15.17,14.79,16.39
2020-06-02 10:21:30.000,3.01,15.17,14.79,16.39
2020-06-02 10:21:33.000,3.01,15.17,14.79,16.39
2020-06-02 10:21:36.000,3.01,15.17,14.79,16.39
2020-06-02 10:21:39.000,3.01,15.17,14.79,16.39
2020-06-02 10:21:42.000,3.01,15.17,14.79,16.39
2020-06-02 10:21:45.000,3.01,15.17,14.79,16.39
2020-06-02 10:21:48.000,3.01,15.17,14.79,16.39
2020-06-02 10:21:51.000,3.01,15.17,14.79,16.39
2020-06-02 10:21:54.000,3.01,15.17,14.79,16.39
2020-06-02 10:21:57.000,3.01,15.17,14.79,16.39
2020-06-02 10:22:00.000,3.01,15.17,14.79,16.39
2020-06-02 10:22:03.000,3.01,15.17,14.79,16.39
2020-06-02 10:22:06.000,3.01,15.17,14.79,16.39
2020-06-02 10:22:09.000,3.01,15.17,14.79,16.39
2020-06-02 10:22:12.000,3.01,15.17,14.78,16.39
2020-06-02 10:22:15.000,3.01,15.17,14.78,16.39
2020-06-02 10:22:18.000,3.01,15.17,14.78,16.39
2020-06-02 10:22:21.000,3.01,15.17,14.78,16.39
2020-06-02 10:22:24.000,3.01,15.17,14.78,16.39
2020-06-02 10:22:27.000,3.01,15.17,14.78,16.39
2020-06-02 10:22:30.000,3.01,15.17,14.78,16.39
2020-06-02 10:22:33.000,3.01,15.17,14.77,16.39
2020-06-02 10:22:36.000,3.01,15.17,14.77,16.39
2020-06-02 10:22:39.000,3.01,15.17,14.77,16.39
2020-06-02 10:22:42.000,3.01,15.17,14.77,16.39
2020-06-02 10:22:45.000,3.01,15.17,14.77,16.39
2020-06-02 10:22:48.000,3.01,15.17,14.77,16.39
2020-06-02 10:22:51.000,3.01,15.17,14.77,16.39
2020-06-02 10:22:54.000,3.01,15.17,14.77,16.35
2020-06-02 10:22:57.000,3.01,15.17,14.77,16.35
2020-06-02 10:23:00.000,3.01,15.17,14.77,16.35
2020-06-02 10:23:03.000,3.01,15.17,14.77,16.35
2020-06-02 10:23:06.000,3.01,15.17,14.77,16.35
2020-06-02 10:23:09.000,3.01,15.17,14.77,16.35
2020-06-02 10:23:12.000,3.01,15.17,14.77,16.35
2020-06-02 10:23:15.000,3.01,15.17,14.77,16.35
2020-06-02 10:23:18.000,3.01,15.17,14.77,16.35
2020-06-02 10:23:21.000,3.01,15.17,14.77,16.35
2020-06-02 10:23:24.000,3.01,15.17,14.77,16.35
2020-06-02 10:23:27.000,3.01,15.17,14.77,16.35
2020-06-02 10:23:30.000,3.01,15.17,14.77,16.35
2020-06-02 10:23:33.000,3.01,15.17,14.77,16.35
2020-06-02 10:23:36.000,3.01,15.17,14.77,16.35
2020-06-02 10:23:39.000,3.01,15.17,14.77,16.35
2020-06-02 10:23:42.000,3.01,15.17,14.77,16.35
2020-06-02 10:23:45.000,3.01,15.17,14.77,16.35
2020-06-02 10:23:48.000,3.01,15.17,14.77,16.35
2020-06-02 10:23:51.000,3.01,15.17,14.77,16.35
2020-06-02 10:23:54.000,3.01,15.17,14.77,16.35
2020-06-02 10:23:57.000,3.01,15.17,14.77,16.35
2020-06-02 10:24:00.000,3.01,15.17,14.77,16.35
2020-06-02 10:24:03.000,3.01,15.17,14.78,16.35
2020-06-02 10:24:06.000,3.01,15.17,14.78,16.35
2020-06-02 10:24:09.000,3.01,15.17,14.78,16.35
2020-06-02 10:24:12.000,3.01,15.17,14.78,16.35
2020-06-02 10:24:15.000,3.01,15.17,14.78,16.35
2020-06-02 10:24:18.000,3.01,15.17,14.78,16.35
2020-06-02 10:24:21.000,3.01,15.17,14.78,16.35
2020-06-02 10:24:24.000,3.01,15.17,14.78,16.35
2020-06-02 10:24:27.000,3.01,15.17,14.78,16.35
2020-06-02 10:24:30.000,3.01,15.17,14.78,16.35
2020-06-02 10:24:33.000,3.01,15.17,14.78,16.35
2020-06-02 10:24:36.000,3.01,15.17,14.78,16.35
2020-06-02 10:24:39.000,3.01,15.17,14.78,16.35
2020-06-02 10:24:42.000,3.01,15.17,14.78,16.35
2020-06-02 10:24:45.000,3.01,15.17,14.78,16.35
2020-06-02 10:24:48.000,3.01,15.17,14.78,16.35
2020-06-02 10:24:51.000,3.01,15.17,14.78,16.35
2020-06-02 10:24:54.000,3.01,15.17,14.78,16.35
2020-06-02 10:24:57.000,3.01,15.17,14.78,16.35
2020-06-02 10:25:00.000,3.01,15.17,14.78,16.35
2020-06-02 10:25:03.000,3.01,15.17,14.78,16.35
2020-06-02 10:25:06.000,3.01,15.17,14.78,16.35
2020-06-02 10:25:09.000,3.01,15.17,14.78,16.35
2020-06-02 10:25:12.000,3.01,15.17,14.79,16.35
2020-06-02 10:25:15.000,3.01,15.17,14.79,16.35
2020-06-02 10:25:18.000,3.01,15.17,14.79,16.35
2020-06-02 10:25:21.000,3.01,15.17,14.79,16.35
2020-06-02 10:25:24.000,3.01,15.17,14.79,16.35
2020-06-02 10:25:27.000,3.01,15.17,14.79,16.35
2020-06-02 10:25:30.000,3.01,15.17,14.79,16.35
2020-06-02 10:25:33.000,3.01,15.17,14.79,16.35
2020-06-02 10:25:36.000,3.01,15.17,14.79,16.35
2020-06-02 10:25:39.000,3.01,15.17,14.79,16.35
2020-06-02 10:25:42.000,3.01,15.14,14.79,16.35
2020-06-02 10:25:45.000,3.01,15.14,14.79,16.35
2020-06-02 10:25:48.000,3.01,15.14,14.79,16.35
2020-06-02 10:25:51.000,3.01,15.14,14.79,16.35
2020-06-02 10:25:54.000,3.01,15.14,14.79,16.35
2020-06-02 10:25:57.000,3.01,15.14,14.79,16.35
2020-06-02 10:26:00.000,3.01,15.14,14.79,16.35
2020-06-02 10:26:03.000,3.01,15.14,14.79,16.35
2020-06-02 10:26:06.000,3.01,15.14,14.79,16.35
2020-06-02 10:26:09.000,3.01,15.14,14.79,16.35
2020-06-02 10:26:12.000,3.01,15.14,14.79,16.35
2020-06-02 10:26:15.000,3.01,15.14,14.79,16.35
2020-06-02 10:26:18.000,3.01,15.14,14.79,16.35
2020-06-02 10:26:21.000,3.01,15.14,14.79,16.35
2020-06-02 10:26:24.000,3.01,15.14,14.79,16.35
2020-06-02 10:26:27.000,3.01,15.14,14.79,16.35
2020-06-02 10:26:30.000,3.01,15.14,14.79,16.35
2020-06-02 10:26:33.000,3.01,15.14,14.79,16.35
2020-06-02 10:26:36.000,3.01,15.14,14.79,16.35
2020-06-02 10:26:39.000,3.01,15.14,14.79,16.35
2020-06-02 10:26:42.000,3.01,15.14,14.79,16.35
2020-06-02 10:26:45.000,3.01,15.14,14.79,16.35
2020-06-02 10:26:48.000,3.01,15.14,14.79,16.35
2020-06-02 10:26:51.000,3.01,15.14,14.79,16.35
2020-06-02 10:26:54.000,3.01,15.14,14.79,16.35
2020-06-02 10:26:57.000,3.01,15.14,14.79,16.35
2020-06-02 10:27:00.000,3.01,15.14,14.79,16.35
2020-06-02 10:27:03.000,3.01,15.14,14.79,16.35
2020-06-02 10:27:06.000,3.01,15.14,14.79,16.35
2020-06-02 10:27:09.000,3.01,15.14,14.79,16.35
2020-06-02 10:27:12.000,3.01,15.14,14.79,16.35
2020-06-02 10:27:15.000,3.01,15.14,14.79,16.35
2020-06-02 10:27:18.000,3.01,15.14,14.79,16.35
2020-06-02 10:27:21.000,3.01,15.14,14.79,16.35
2020-06-02 10:27:24.000,3.01,15.14,14.79,16.35
2020-06-02 10:27:27.000,3.01,15.14,14.79,16.35
2020-06-02 10:27:30.000,3.01,15.14,14.79,16.35
2020-06-02 10:27:33.000,3.01,15.14,14.79,16.35
2020-06-02 10:27:36.000,3.01,15.14,14.8,16.35
2020-06-02 10:27:39.000,3.01,15.14,14.8,16.35
2020-06-02 10:27:42.000,3.01,15.14,14.8,16.35
2020-06-02 10:27:45.000,3.01,15.14,14.8,16.35
2020-06-02 10:27:48.000,3.01,15.14,14.8,16.35
2020-06-02 10:27:51.000,3.01,15.14,14.8,16.35
2020-06-02 10:27:54.000,3.01,15.14,14.8,16.35
2020-06-02 10:27:57.000,3.01,15.14,14.8,16.35
2020-06-02 10:28:00.000,3.01,15.14,14.8,16.35
2020-06-02 10:28:03.000,3.01,15.14,14.8,16.35
2020-06-02 10:28:06.000,3.01,15.14,14.8,16.35
2020-06-02 10:28:09.000,3.01,15.14,14.8,16.35
2020-06-02 10:28:12.000,3.01,15.14,14.8,16.35
2020-06-02 10:28:15.000,3.01,15.14,14.79,16.35
2020-06-02 10:28:18.000,3.01,15.14,14.79,16.35
2020-06-02 10:28:21.000,3.01,15.14,14.79,16.35
2020-06-02 10:28:24.000,3.01,15.14,14.79,16.35
2020-06-02 10:28:27.000,3.01,15.14,14.79,16.35
2020-06-02 10:28:30.000,3.01,15.14,14.79,16.35
2020-06-02 10:28:33.000,3.01,15.14,14.79,16.35
2020-06-02 10:28:36.000,3.01,15.14,14.79,16.35
2020-06-02 10:28:39.000,3.01,15.14,14.79,16.35
2020-06-02 10:28:42.000,3.01,15.14,14.79,16.35
2020-06-02 10:28:45.000,3.01,15.14,14.79,16.35
2020-06-02 10:28:48.000,3.01,15.14,14.79,16.35
2020-06-02 10:28:51.000,3.01,15.14,14.79,16.35
2020-06-02 10:28:54.000,3.01,15.14,14.79,16.35
2020-06-02 10:28:57.000,3.01,15.14,14.79,16.35
2020-06-02 10:29:00.000,3.01,15.14,14.79,16.35
2020-06-02 10:29:03.000,3.01,15.14,14.79,16.35
2020-06-02 10:29:06.000,3.01,15.14,14.79,16.35
2020-06-02 10:29:09.000,3.01,15.14,14.79,16.35
2020-06-02 10:29:12.000,3.01,15.14,14.79,16.35
2020-06-02 10:29:15.000,3.01,15.14,14.79,16.35
2020-06-02 10:29:18.000,3.01,15.14,14.79,16.35
2020-06-02 10:29:21.000,3.01,15.14,14.79,16.35
2020-06-02 10:29:24.000,3.01,15.14,14.79,16.35
2020-06-02 10:29:27.000,3.01,15.14,14.79,16.35
2020-06-02 10:29:30.000,3.01,15.14,14.79,16.35
2020-06-02 10:29:33.000,3.01,15.14,14.79,16.35
2020-06-02 10:29:36.000,3.01,15.14,14.79,16.35
2020-06-02 10:29:39.000,3.01,15.14,14.79,16.35
2020-06-02 10:29:42.000,3.01,15.14,14.79,16.35
2020-06-02 10:29:45.000,3.01,15.14,14.79,16.35
2020-06-02 10:29:48.000,3.01,15.14,14.79,16.35
2020-06-02 10:29:51.000,3.01,15.14,14.79,16.35
2020-06-02 10:29:54.000,3.01,15.14,14.79,16.35
2020-06-02 10:29:57.000,3.01,15.14,14.79,16.35
2020-06-02 10:30:00.000,3.01,15.14,14.78,16.35
2020-06-02 10:30:03.000,3.01,15.14,14.78,16.35
2020-06-02 10:30:06.000,3.01,15.14,14.78,16.35
2020-06-02 10:30:09.000,3.01,15.14,14.78,16.35
2020-06-02 10:30:12.000,3.01,15.14,14.78,16.35
2020-06-02 10:30:15.000,3.01,15.14,14.78,16.35
2020-06-02 10:30:18.000,3.01,15.14,14.78,16.35
2020-06-02 10:30:21.000,3.01,15.14,14.78,16.35
2020-06-02 10:30:24.000,3.01,15.14,14.78,16.35
2020-06-02 10:30:27.000,3.01,15.14,14.78,16.35
2020-06-02 10:30:30.000,3.01,15.14,14.77,16.35
2020-06-02 10:30:33.000,3.01,15.14,14.78,16.35
2020-06-02 10:30:36.000,3.01,15.14,14.76,16.35
2020-06-02 10:30:39.000,3.01,15.14,14.75,16.35
2020-06-02 10:30:42.000,3.01,15.14,14.75,16.35
2020-06-02 10:30:45.000,3.01,15.14,14.76,16.35
2020-06-02 10:30:48.000,3.01,15.14,14.76,16.35
2020-06-02 10:30:51.000,3.01,15.14,14.75,16.35
2020-06-02 10:30:54.000,3.01,15.14,14.75,16.35
2020-06-02 10:30:57.000,3.01,15.14,14.74,16.35
2020-06-02 10:31:00.000,3.01,15.14,14.74,16.35
2020-06-02 10:31:03.000,3.01,15.14,14.73,16.35
2020-06-02 10:31:06.000,3.01,15.14,14.73,16.35
2020-06-02 10:31:09.000,3.01,15.14,14.74,16.35
2020-06-02 10:31:12.000,3.01,15.14,14.74,16.35
2020-06-02 10:31:15.000,3.01,15.14,14.74,16.35
2020-06-02 10:31:18.000,3.01,15.14,14.74,16.35
2020-06-02 10:31:21.000,3.01,15.14,14.74,16.35
2020-06-02 10:31:24.000,3.01,15.14,14.74,16.35
2020-06-02 10:31:27.000,3.01,15.14,14.74,16.35
2020-06-02 10:31:30.000,3.01,15.14,14.74,16.35
2020-06-02 10:31:33.000,3.01,15.14,14.74,16.35
2020-06-02 10:31:36.000,3.01,15.12,14.74,16.35
2020-06-02 10:31:39.000,3.01,15.12,14.74,16.35
2020-06-02 10:31:42.000,3.01,15.12,14.74,16.35
2020-06-02 10:31:45.000,3.01,15.12,14.74,16.35
2020-06-02 10:31:48.000,3.01,15.12,14.74,16.35
2020-06-02 10:31:51.000,3.01,15.12,14.74,16.35
2020-06-02 10:31:54.000,3.01,15.12,14.74,16.35
2020-06-02 10:31:57.000,3.01,15.12,14.74,16.35
2020-06-02 10:32:00.000,3.01,15.12,14.74,16.35
2020-06-02 10:32:03.000,3.01,15.12,14.74,16.35
2020-06-02 10:32:06.000,3.01,15.12,14.8,16.35
2020-06-02 10:32:09.000,3.01,15.12,14.79,16.35
2020-06-02 10:32:12.000,3.01,15.12,14.79,16.35
2020-06-02 10:32:15.000,3.01,15.12,14.79,16.35
2020-06-02 10:32:18.000,3.01,15.12,14.79,16.35
2020-06-02 10:32:21.000,3.01,15.12,14.79,16.35
2020-06-02 10:32:24.000,3.01,15.12,14.8,16.35
2020-06-02 10:32:27.000,3.01,15.12,14.8,16.35
2020-06-02 10:32:30.000,3.01,15.12,14.8,16.35
2020-06-02 10:32:33.000,3.01,15.12,14.8,16.35
2020-06-02 10:32:36.000,3.01,15.12,14.8,16.35
2020-06-02 10:32:39.000,3.01,15.12,14.8,16.35
2020-06-02 10:32:42.000,3.01,15.12,14.8,16.35
2020-06-02 10:32:45.000,3.01,15.12,14.8,16.35
2020-06-02 10:32:48.000,3.01,15.12,14.8,16.35
2020-06-02 10:32:51.000,3.01,15.12,14.78,16.35
2020-06-02 10:32:54.000,3.01,15.12,14.78,16.35
2020-06-02 10:32:57.000,3.01,15.12,14.78,16.35
2020-06-02 10:33:00.000,3.01,15.12,14.78,16.35
2020-06-02 10:33:03.000,3.01,15.12,14.78,16.35
2020-06-02 10:33:06.000,3.01,15.12,14.78,16.35
2020-06-02 10:33:09.000,3.01,15.12,14.78,16.35
2020-06-02 10:33:12.000,3.01,15.12,14.77,16.35
2020-06-02 10:33:15.000,3.01,15.12,14.75,16.35
2020-06-02 10:33:18.000,3.01,15.12,14.77,16.35
2020-06-02 10:33:21.000,3.01,15.12,14.77,16.35
2020-06-02 10:33:24.000,3.01,15.15,14.77,16.35
2020-06-02 10:33:27.000,3.01,15.15,14.77,16.35
2020-06-02 10:33:30.000,3.01,15.15,14.77,16.35
2020-06-02 10:33:33.000,3.01,15.15,14.77,16.35
2020-06-02 10:33:36.000,3.01,15.15,14.77,16.35
2020-06-02 10:33:39.000,3.01,15.15,14.77,16.35
2020-06-02 10:33:42.000,3.01,15.15,14.77,16.35
2020-06-02 10:33:45.000,3.01,15.15,14.77,16.35
2020-06-02 10:33:48.000,3.01,15.15,14.77,16.35
2020-06-02 10:33:51.000,3.01,15.15,14.77,16.35
2020-06-02 10:33:54.000,3.01,15.15,14.77,16.35
2020-06-02 10:33:57.000,3.01,15.15,14.77,16.35
2020-06-02 10:34:00.000,3.01,15.15,14.77,16.35
2020-06-02 10:34:03.000,3.01,15.15,14.77,16.35
2020-06-02 10:34:06.000,3.01,15.15,14.77,16.35
2020-06-02 10:34:09.000,3.01,15.15,14.77,16.35
2020-06-02 10:34:12.000,3.01,15.15,14.77,16.35
2020-06-02 10:34:15.000,3.01,15.15,14.77,16.35
2020-06-02 10:34:18.000,3.01,15.15,14.77,16.35
2020-06-02 10:34:21.000,3.01,15.15,14.77,16.35
2020-06-02 10:34:24.000,3.01,15.15,14.77,16.35
2020-06-02 10:34:27.000,3.01,15.15,14.77,16.35
2020-06-02 10:34:30.000,3.01,15.15,14.77,16.35
2020-06-02 10:34:33.000,3.01,15.15,14.77,16.35
2020-06-02 10:34:36.000,3.01,15.15,14.77,16.35
2020-06-02 10:34:39.000,3.01,15.15,14.77,16.35
2020-06-02 10:34:42.000,3.01,15.15,14.77,16.35
2020-06-02 10:34:45.000,3.01,15.15,14.77,16.35
2020-06-02 10:34:48.000,3.01,15.15,14.77,16.35
2020-06-02 10:34:51.000,3.01,15.15,14.77,16.35
2020-06-02 10:34:54.000,3.01,15.15,14.77,16.35
2020-06-02 10:34:57.000,3.01,15.15,14.77,16.35
2020-06-02 10:35:00.000,3.01,15.15,14.77,16.35
2020-06-02 10:35:03.000,3.01,15.15,14.77,16.35
2020-06-02 10:35:06.000,3.01,15.15,14.77,16.35
2020-06-02 10:35:09.000,3.01,15.15,14.77,16.35
2020-06-02 10:35:12.000,3.01,15.15,14.77,16.35
2020-06-02 10:35:15.000,3.01,15.15,14.77,16.35
2020-06-02 10:35:18.000,3.01,15.15,14.77,16.35
2020-06-02 10:35:21.000,3.01,15.15,14.77,16.35
2020-06-02 10:35:24.000,3.01,15.15,14.77,16.35
2020-06-02 10:35:27.000,3.01,15.15,14.77,16.35
2020-06-02 10:35:30.000,3.01,15.15,14.77,16.35
2020-06-02 10:35:33.000,3.01,15.15,14.77,16.35
2020-06-02 10:35:36.000,3.01,15.15,14.77,16.35
2020-06-02 10:35:39.000,3.01,15.15,14.77,16.35
2020-06-02 10:35:42.000,3.01,15.15,14.77,16.35
2020-06-02 10:35:45.000,3.01,15.15,14.77,16.35
2020-06-02 10:35:48.000,3.01,15.15,14.77,16.35
2020-06-02 10:35:51.000,3.01,15.15,14.74,16.35
2020-06-02 10:35:54.000,3.01,15.15,14.74,16.35
2020-06-02 10:35:57.000,3.01,15.15,14.74,16.35
2020-06-02 10:36:00.000,3.01,15.15,14.74,16.35
2020-06-02 10:36:03.000,3.01,15.15,14.73,16.35
2020-06-02 10:36:06.000,3.01,15.15,14.73,16.35
2020-06-02 10:36:09.000,3.01,15.15,14.74,16.35
2020-06-02 10:36:12.000,3.01,15.15,14.73,16.35
2020-06-02 10:36:15.000,3.01,15.15,14.74,16.35
2020-06-02 10:36:18.000,3.01,15.15,14.74,16.35
2020-06-02 10:36:21.000,3.01,15.15,14.76,16.35
2020-06-02 10:36:24.000,3.01,15.15,14.76,16.35
2020-06-02 10:36:27.000,3.01,15.15,14.76,16.35
2020-06-02 10:36:30.000,3.01,15.15,14.76,16.35
2020-06-02 10:36:33.000,3.01,15.15,14.76,16.35
2020-06-02 10:36:36.000,3.01,15.15,14.76,16.35
2020-06-02 10:36:39.000,3.01,15.15,14.75,16.35
2020-06-02 10:36:42.000,3.01,15.15,14.75,16.35
2020-06-02 10:36:45.000,3.01,15.11,14.75,16.35
2020-06-02 10:36:48.000,3.01,15.11,14.75,16.35
2020-06-02 10:36:51.000,3.01,15.11,14.75,16.35
2020-06-02 10:36:54.000,3.01,15.11,14.75,16.35
2020-06-02 10:36:57.000,3.01,15.11,14.75,16.35
2020-06-02 10:37:00.000,3.01,15.11,14.75,16.35
2020-06-02 10:37:03.000,3.01,15.11,14.75,16.35
2020-06-02 10:37:06.000,3.01,15.11,14.75,16.35
2020-06-02 10:37:09.000,3.01,15.11,14.75,16.35
2020-06-02 10:37:12.000,3.01,15.11,14.75,16.35
2020-06-02 10:37:15.000,3.01,15.11,14.75,16.35
2020-06-02 10:37:18.000,3.01,15.11,14.75,16.35
2020-06-02 10:37:21.000,3.01,15.11,14.75,16.35
2020-06-02 10:37:24.000,3.01,15.11,14.75,16.35
2020-06-02 10:37:27.000,3.01,15.11,14.75,16.35
2020-06-02 10:37:30.000,3.01,15.11,14.75,16.35
2020-06-02 10:37:33.000,3.01,15.11,14.75,16.35
2020-06-02 10:37:36.000,3.01,15.11,14.75,16.35
2020-06-02 10:37:39.000,3.01,15.11,14.75,16.35
2020-06-02 10:37:42.000,3.01,15.11,14.75,16.35
2020-06-02 10:37:45.000,3.01,15.11,14.75,16.35
2020-06-02 10:37:48.000,3.01,15.11,14.75,16.35
2020-06-02 10:37:51.000,3.01,15.11,14.75,16.35
2020-06-02 10:37:54.000,3.01,15.11,14.75,16.35
2020-06-02 10:37:57.000,3.01,15.11,14.75,16.35
2020-06-02 10:38:00.000,3.01,15.11,14.75,16.35
2020-06-02 10:38:03.000,3.01,15.11,14.75,16.38
2020-06-02 10:38:06.000,3.01,15.11,14.75,16.38
2020-06-02 10:38:09.000,3.01,15.11,14.75,16.38
2020-06-02 10:38:12.000,3.01,15.11,14.75,16.39
2020-06-02 10:38:15.000,3.01,15.11,14.75,16.39
2020-06-02 10:38:18.000,3.01,15.11,14.75,16.39
2020-06-02 10:38:21.000,3.01,15.11,14.75,16.39
2020-06-02 10:38:24.000,3.01,15.11,14.75,16.39
2020-06-02 10:38:27.000,3.01,15.11,14.75,16.39
2020-06-02 10:38:30.000,3.01,15.11,14.75,16.39
2020-06-02 10:38:33.000,3.01,15.11,14.75,16.39
2020-06-02 10:38:36.000,3.01,15.11,14.75,16.39
2020-06-02 10:38:39.000,3.01,15.11,14.75,16.39
2020-06-02 10:38:42.000,3.01,15.11,14.74,16.39
2020-06-02 10:38:45.000,3.01,15.11,14.74,16.39
2020-06-02 10:38:48.000,3.01,15.11,14.74,16.39
2020-06-02 10:38:51.000,3.01,15.11,14.75,16.39
2020-06-02 10:38:54.000,3.01,15.11,14.74,16.39
2020-06-02 10:38:57.000,3.01,15.11,14.74,16.39
2020-06-02 10:39:00.000,3.01,15.11,14.75,16.39
2020-06-02 10:39:03.000,3.01,15.11,14.75,16.39
2020-06-02 10:39:06.000,3.01,15.11,14.75,16.39
2020-06-02 10:39:09.000,3.01,15.11,14.75,16.39
2020-06-02 10:39:12.000,3.01,15.11,14.75,16.39
2020-06-02 10:39:15.000,3.01,15.11,14.74,16.39
2020-06-02 10:39:18.000,3.01,15.11,14.74,16.39
2020-06-02 10:39:21.000,3.01,15.11,14.74,16.39
2020-06-02 10:39:24.000,3.01,15.11,14.74,16.39
2020-06-02 10:39:27.000,3.01,15.11,14.74,16.39
2020-06-02 10:39:30.000,3.01,15.11,14.74,16.39
2020-06-02 10:39:33.000,3.01,15.11,14.74,16.39
2020-06-02 10:39:36.000,3.01,15.11,14.74,16.39
2020-06-02 10:39:39.000,3.01,15.11,14.74,16.39
2020-06-02 10:39:42.000,3.01,15.11,14.75,16.39
2020-06-02 10:39:45.000,3.01,15.11,14.75,16.39
2020-06-02 10:39:48.000,3.01,15.11,14.75,16.39
2020-06-02 10:39:51.000,3.01,15.11,14.75,16.39
2020-06-02 10:39:54.000,3.01,15.11,14.75,16.39
2020-06-02 10:39:57.000,3.01,15.11,14.75,16.39
2020-06-02 10:40:00.000,3.01,15.11,14.75,16.39
2020-06-02 10:40:03.000,3.01,15.11,14.75,16.39
2020-06-02 10:40:06.000,3.01,15.11,14.75,16.39
2020-06-02 10:40:09.000,3.01,15.11,14.75,16.39
2020-06-02 10:40:12.000,3.01,15.11,14.75,16.39
2020-06-02 10:40:15.000,3.01,15.11,14.75,16.39
2020-06-02 10:40:18.000,3.01,15.11,14.75,16.39
2020-06-02 10:40:21.000,3.01,15.11,14.75,16.39
2020-06-02 10:40:24.000,3.01,15.11,14.75,16.39
2020-06-02 10:40:27.000,3.01,15.11,14.75,16.39
2020-06-02 10:40:30.000,3.01,15.11,14.75,16.39
2020-06-02 10:40:33.000,3.01,15.11,14.75,16.39
2020-06-02 10:40:36.000,3.01,15.11,14.75,16.39
2020-06-02 10:40:39.000,3.01,15.11,14.75,16.39
2020-06-02 10:40:42.000,3.01,15.11,14.75,16.39
2020-06-02 10:40:45.000,3.01,15.11,14.75,16.39
2020-06-02 10:40:48.000,3.01,15.11,14.76,16.39
2020-06-02 10:40:51.000,3.0,15.11,14.76,16.39
2020-06-02 10:40:54.000,3.0,15.11,14.76,16.39
2020-06-02 10:40:57.000,3.0,15.11,14.76,16.39
2020-06-02 10:41:00.000,3.0,15.11,14.76,16.39
2020-06-02 10:41:03.000,3.0,15.11,14.76,16.39
2020-06-02 10:41:06.000,3.01,15.09,14.76,16.39
2020-06-02 10:41:09.000,3.01,15.09,14.76,16.39
2020-06-02 10:41:12.000,3.01,15.09,14.76,16.39
2020-06-02 10:41:15.000,3.01,15.09,14.76,16.39
2020-06-02 10:41:18.000,3.01,15.09,14.76,16.39
2020-06-02 10:41:21.000,3.01,15.09,14.76,16.39
2020-06-02 10:41:24.000,3.01,15.09,14.76,16.39
2020-06-02 10:41:27.000,3.01,15.09,14.76,16.37
2020-06-02 10:41:30.000,3.01,15.09,14.76,16.37
2020-06-02 10:41:33.000,3.01,15.09,14.76,16.37
2020-06-02 10:41:36.000,3.01,15.09,14.76,16.37
2020-06-02 10:41:39.000,3.01,15.09,14.76,16.37
2020-06-02 10:41:42.000,3.01,15.09,14.76,16.37
2020-06-02 10:41:45.000,3.01,15.09,14.76,16.37
2020-06-02 10:41:48.000,3.01,15.09,14.76,16.37
2020-06-02 10:41:51.000,3.01,15.09,14.76,16.37
2020-06-02 10:41:54.000,3.01,15.09,14.76,16.37
2020-06-02 10:41:57.000,3.01,15.09,14.76,16.37
2020-06-02 10:42:00.000,3.01,15.09,14.76,16.37
2020-06-02 10:42:03.000,3.01,15.09,14.76,16.37
2020-06-02 10:42:06.000,3.01,15.09,14.76,16.37
2020-06-02 10:42:09.000,3.01,15.09,14.76,16.37
2020-06-02 10:42:12.000,3.01,15.09,14.76,16.37
2020-06-02 10:42:15.000,3.01,15.09,14.76,16.37
2020-06-02 10:42:18.000,3.01,15.09,14.76,16.37
2020-06-02 10:42:21.000,3.01,15.09,14.76,16.37
2020-06-02 10:42:24.000,3.01,15.09,14.76,16.37
2020-06-02 10:42:27.000,3.01,15.09,14.76,16.37
2020-06-02 10:42:30.000,3.01,15.09,14.76,16.37
2020-06-02 10:42:33.000,3.01,15.09,14.76,16.37
2020-06-02 10:42:36.000,3.01,15.12,14.76,16.37
2020-06-02 10:42:39.000,3.01,15.12,14.76,16.37
2020-06-02 10:42:42.000,3.01,15.12,14.76,16.37
2020-06-02 10:42:45.000,3.01,15.12,14.76,16.37
2020-06-02 10:42:48.000,3.01,15.12,14.76,16.37
2020-06-02 10:42:51.000,3.01,15.12,14.76,16.37
2020-06-02 10:42:54.000,3.01,15.12,14.76,16.37
2020-06-02 10:42:57.000,3.01,15.12,14.76,16.37
2020-06-02 10:43:00.000,3.01,15.12,14.76,16.37
2020-06-02 10:43:03.000,3.01,15.12,14.76,16.37
2020-06-02 10:43:06.000,3.01,15.12,14.76,16.37
2020-06-02 10:43:09.000,3.01,15.12,14.76,16.37
2020-06-02 10:43:12.000,3.01,15.12,14.76,16.37
2020-06-02 10:43:15.000,3.01,15.12,14.76,16.37
2020-06-02 10:43:18.000,3.01,15.12,14.76,16.37
2020-06-02 10:43:21.000,3.01,15.12,14.76,16.37
2020-06-02 10:43:24.000,3.01,15.12,14.76,16.37
2020-06-02 10:43:27.000,3.01,15.12,14.76,16.37
2020-06-02 10:43:30.000,3.01,15.12,14.76,16.37
2020-06-02 10:43:33.000,3.01,15.14,14.76,16.37
2020-06-02 10:43:36.000,3.01,15.14,14.76,16.37
2020-06-02 10:43:39.000,3.01,15.14,14.76,16.37
2020-06-02 10:43:42.000,3.01,15.14,14.76,16.37
2020-06-02 10:43:45.000,3.01,15.14,14.76,16.37
2020-06-02 10:43:48.000,3.01,15.14,14.76,16.37
2020-06-02 10:43:51.000,3.01,15.14,14.76,16.37
2020-06-02 10:43:54.000,3.01,15.14,14.76,16.37
2020-06-02 10:43:57.000,3.01,15.14,14.76,16.37
2020-06-02 10:44:00.000,3.01,15.14,14.76,16.37
2020-06-02 10:44:03.000,3.01,15.14,14.76,16.37
2020-06-02 10:44:06.000,3.01,15.14,14.76,16.37
2020-06-02 10:44:09.000,3.01,15.14,14.76,16.37
2020-06-02 10:44:12.000,3.01,15.14,14.76,16.37
2020-06-02 10:44:15.000,3.01,15.14,14.76,16.37
2020-06-02 10:44:18.000,3.01,15.14,14.77,16.37
2020-06-02 10:44:21.000,3.01,15.14,14.77,16.37
2020-06-02 10:44:24.000,3.01,15.14,14.77,16.37
2020-06-02 10:44:27.000,3.01,15.14,14.77,16.37
2020-06-02 10:44:30.000,3.01,15.14,14.77,16.37
2020-06-02 10:44:33.000,3.01,15.14,14.78,16.37
2020-06-02 10:44:36.000,3.01,15.14,14.78,16.37
2020-06-02 10:44:39.000,3.01,15.14,14.78,16.37
2020-06-02 10:44:42.000,3.01,15.14,14.78,16.37
2020-06-02 10:44:45.000,3.01,15.14,14.78,16.37
2020-06-02 10:44:48.000,3.01,15.14,14.78,16.37
2020-06-02 10:44:51.000,3.01,15.14,14.78,16.37
2020-06-02 10:44:54.000,3.01,15.14,14.78,16.37
2020-06-02 10:44:57.000,3.01,15.14,14.78,16.37
2020-06-02 10:45:00.000,3.01,15.14,14.78,16.37
2020-06-02 10:45:03.000,3.01,15.14,14.78,16.39
2020-06-02 10:45:06.000,3.01,15.14,14.78,16.39
2020-06-02 10:45:09.000,3.01,15.14,14.78,16.39
2020-06-02 10:45:12.000,3.01,15.14,14.78,16.39
2020-06-02 10:45:15.000,3.01,15.14,14.78,16.39
2020-06-02 10:45:18.000,3.01,15.14,14.78,16.39
2020-06-02 10:45:21.000,3.01,15.14,14.8,16.39
2020-06-02 10:45:24.000,3.01,15.14,14.8,16.39
2020-06-02 10:45:27.000,3.01,15.14,14.8,16.39
2020-06-02 10:45:30.000,3.01,15.14,14.8,16.39
2020-06-02 10:45:33.000,3.01,15.14,14.8,16.39
2020-06-02 10:45:36.000,3.01,15.14,14.8,16.39
2020-06-02 10:45:39.000,3.01,15.14,14.8,16.39
2020-06-02 10:45:42.000,3.01,15.14,14.8,16.39
2020-06-02 10:45:45.000,3.01,15.15,14.8,16.39
2020-06-02 10:45:48.000,3.01,15.15,14.8,16.39
2020-06-02 10:45:51.000,3.01,15.15,14.8,16.39
2020-06-02 10:45:54.000,3.01,15.15,14.8,16.39
2020-06-02 10:45:57.000,3.01,15.15,14.81,16.39
2020-06-02 10:46:00.000,3.01,15.15,14.81,16.39
2020-06-02 10:46:03.000,3.01,15.15,14.81,16.39
2020-06-02 10:46:06.000,3.01,15.15,14.81,16.39
2020-06-02 10:46:09.000,3.01,15.15,14.81,16.39
2020-06-02 10:46:12.000,3.01,15.15,14.81,16.39
2020-06-02 10:46:15.000,3.01,15.15,14.81,16.39
2020-06-02 10:46:18.000,3.01,15.15,14.81,16.39
2020-06-02 10:46:21.000,3.01,15.15,14.82,16.39
2020-06-02 10:46:24.000,3.01,15.15,14.8,16.39
2020-06-02 10:46:27.000,3.01,15.15,14.8,16.39
2020-06-02 10:46:30.000,3.01,15.15,14.8,16.39
2020-06-02 10:46:33.000,3.01,15.15,14.8,16.39
2020-06-02 10:46:36.000,3.01,15.15,14.8,16.39
2020-06-02 10:46:39.000,3.01,15.15,14.8,16.39
2020-06-02 10:46:42.000,3.01,15.15,14.8,16.39
2020-06-02 10:46:45.000,3.01,15.15,14.8,16.39
2020-06-02 10:46:48.000,3.01,15.15,14.8,16.39
2020-06-02 10:46:51.000,3.01,15.15,14.8,16.39
2020-06-02 10:46:54.000,3.01,15.15,14.8,16.39
2020-06-02 10:46:57.000,3.01,15.15,14.8,16.39
2020-06-02 10:47:00.000,3.01,15.15,14.8,16.39
2020-06-02 10:47:03.000,3.0,15.15,14.8,16.39
2020-06-02 10:47:06.000,3.0,15.15,14.8,16.39
2020-06-02 10:47:09.000,3.0,15.15,14.8,16.39
2020-06-02 10:47:12.000,3.0,15.15,14.8,16.39
2020-06-02 10:47:15.000,3.01,15.15,14.8,16.39
2020-06-02 10:47:18.000,3.01,15.15,14.8,16.39
2020-06-02 10:47:21.000,3.01,15.15,14.8,16.39
2020-06-02 10:47:24.000,3.01,15.15,14.8,16.39
2020-06-02 10:47:27.000,3.01,15.13,14.8,16.39
2020-06-02 10:47:30.000,3.01,15.13,14.8,16.39
2020-06-02 10:47:33.000,3.01,15.13,14.8,16.39
2020-06-02 10:47:36.000,3.01,15.13,14.8,16.39
2020-06-02 10:47:39.000,3.01,15.13,14.81,16.39
2020-06-02 10:47:42.000,3.01,15.13,14.81,16.39
2020-06-02 10:47:45.000,3.01,15.13,14.81,16.39
2020-06-02 10:47:48.000,3.01,15.13,14.81,16.39
2020-06-02 10:47:51.000,3.01,15.13,14.81,16.39
2020-06-02 10:47:54.000,3.01,15.13,14.81,16.39
2020-06-02 10:47:57.000,3.01,15.13,14.81,16.39
2020-06-02 10:48:00.000,3.01,15.13,14.81,16.39
2020-06-02 10:48:03.000,3.01,15.13,14.81,16.39
2020-06-02 10:48:06.000,3.01,15.13,14.81,16.39
2020-06-02 10:48:09.000,3.01,15.13,14.81,16.39
2020-06-02 10:48:12.000,3.01,15.13,14.81,16.39
2020-06-02 10:48:15.000,3.01,15.13,14.81,16.39
2020-06-02 10:48:18.000,3.01,15.13,14.81,16.39
2020-06-02 10:48:21.000,3.01,15.13,14.81,16.39
2020-06-02 10:48:24.000,3.01,15.13,14.81,16.39
2020-06-02 10:48:27.000,3.01,15.13,14.81,16.39
2020-06-02 10:48:30.000,3.01,15.13,14.81,16.39
2020-06-02 10:48:33.000,3.01,15.13,14.81,16.39
2020-06-02 10:48:36.000,3.01,15.13,14.81,16.39
2020-06-02 10:48:39.000,3.01,15.13,14.81,16.39
2020-06-02 10:48:42.000,3.01,15.13,14.81,16.39
2020-06-02 10:48:45.000,3.01,15.13,14.81,16.39
2020-06-02 10:48:48.000,3.01,15.13,14.81,16.39
2020-06-02 10:48:51.000,3.01,15.13,14.81,16.39
2020-06-02 10:48:54.000,3.01,15.13,14.81,16.39
2020-06-02 10:48:57.000,3.01,15.13,14.81,16.39
2020-06-02 10:49:00.000,3.01,15.13,14.81,16.39
2020-06-02 10:49:03.000,3.01,15.11,14.81,16.39
2020-06-02 10:49:06.000,3.01,15.11,14.81,16.39
2020-06-02 10:49:09.000,3.01,15.11,14.81,16.39
2020-06-02 10:49:12.000,3.01,15.11,14.81,16.39
2020-06-02 10:49:15.000,3.01,15.11,14.81,16.39
2020-06-02 10:49:18.000,3.01,15.11,14.81,16.39
2020-06-02 10:49:21.000,3.01,15.11,14.81,16.39
2020-06-02 10:49:24.000,3.01,15.11,14.8,16.39
2020-06-02 10:49:27.000,3.01,15.11,14.8,16.39
2020-06-02 10:49:30.000,3.01,15.11,14.8,16.39
2020-06-02 10:49:33.000,3.01,15.1,14.78,16.39
2020-06-02 10:49:36.000,3.01,15.1,14.78,16.39
2020-06-02 10:49:39.000,3.01,15.1,14.78,16.39
2020-06-02 10:49:42.000,3.01,15.1,14.78,16.39
2020-06-02 10:49:45.000,3.01,15.1,14.77,16.39
2020-06-02 10:49:48.000,3.01,15.1,14.77,16.39
2020-06-02 10:49:51.000,3.01,15.1,14.77,16.39
2020-06-02 10:49:54.000,3.01,15.1,14.77,16.39
2020-06-02 10:49:57.000,3.01,15.1,14.77,16.39
2020-06-02 10:50:00.000,3.01,15.1,14.77,16.39
2020-06-02 10:50:03.000,3.01,15.1,14.77,16.39
2020-06-02 10:50:06.000,3.01,15.1,14.77,16.39
2020-06-02 10:50:09.000,3.01,15.1,14.77,16.39
2020-06-02 10:50:12.000,3.01,15.1,14.77,16.39
2020-06-02 10:50:15.000,3.01,15.1,14.77,16.39
2020-06-02 10:50:18.000,3.01,15.1,14.79,16.39
2020-06-02 10:50:21.000,3.01,15.1,14.79,16.39
2020-06-02 10:50:24.000,3.01,15.1,14.79,16.39
2020-06-02 10:50:27.000,3.01,15.1,14.79,16.39
2020-06-02 10:50:30.000,3.01,15.1,14.79,16.39
2020-06-02 10:50:33.000,3.01,15.1,14.79,16.39
2020-06-02 10:50:36.000,3.01,15.1,14.79,16.39
2020-06-02 10:50:39.000,3.01,15.1,14.79,16.39
2020-06-02 10:50:42.000,3.01,15.1,14.79,16.39
2020-06-02 10:50:45.000,3.01,15.1,14.79,16.39
2020-06-02 10:50:48.000,3.01,15.1,14.79,16.39
2020-06-02 10:50:51.000,3.01,15.1,14.79,16.39
2020-06-02 10:50:54.000,3.01,15.1,14.79,16.39
2020-06-02 10:50:57.000,3.01,15.1,14.79,16.39
2020-06-02 10:51:00.000,3.01,15.1,14.79,16.39
2020-06-02 10:51:03.000,3.01,15.1,14.79,16.39
2020-06-02 10:51:06.000,3.01,15.1,14.78,16.39
2020-06-02 10:51:09.000,3.01,15.1,14.78,16.39
2020-06-02 10:51:12.000,3.01,15.1,14.78,16.39
2020-06-02 10:51:15.000,3.01,15.1,14.79,16.39
2020-06-02 10:51:18.000,3.01,15.1,14.78,16.39
2020-06-02 10:51:21.000,3.01,15.1,14.78,16.39
2020-06-02 10:51:24.000,3.01,15.1,14.78,16.39
2020-06-02 10:51:27.000,3.01,15.1,14.78,16.39
2020-06-02 10:51:30.000,3.01,15.1,14.78,16.39
2020-06-02 10:51:33.000,3.01,15.1,14.78,16.39
2020-06-02 10:51:36.000,3.01,15.1,14.79,16.39
2020-06-02 10:51:39.000,3.01,15.1,14.79,16.39
2020-06-02 10:51:42.000,3.01,15.1,14.79,16.39
2020-06-02 10:51:45.000,3.01,15.1,14.79,16.39
2020-06-02 10:51:48.000,3.01,15.1,14.79,16.39
2020-06-02 10:51:51.000,3.01,15.1,14.79,16.39
2020-06-02 10:51:54.000,3.01,15.1,14.78,16.39
2020-06-02 10:51:57.000,3.01,15.1,14.78,16.39
2020-06-02 10:52:00.000,3.01,15.1,14.78,16.39
2020-06-02 10:52:03.000,3.01,15.11,14.77,16.39
2020-06-02 10:52:06.000,3.01,15.11,14.77,16.39
2020-06-02 10:52:09.000,3.01,15.11,14.77,16.39
2020-06-02 10:52:12.000,3.01,15.11,14.78,16.39
2020-06-02 10:52:15.000,3.01,15.11,14.78,16.39
2020-06-02 10:52:18.000,3.01,15.11,14.78,16.39
2020-06-02 10:52:21.000,3.01,15.11,14.78,16.39
2020-06-02 10:52:24.000,3.01,15.11,14.78,16.39
2020-06-02 10:52:27.000,3.01,15.11,14.78,16.39
2020-06-02 10:52:30.000,3.01,15.11,14.78,16.39
2020-06-02 10:52:33.000,3.01,15.11,14.78,16.39
2020-06-02 10:52:36.000,3.01,15.11,14.78,16.39
2020-06-02 10:52:39.000,3.01,15.11,14.78,16.39
2020-06-02 10:52:42.000,3.01,15.11,14.78,16.39
2020-06-02 10:52:45.000,3.01,15.11,14.78,16.39
2020-06-02 10:52:48.000,3.01,15.12,14.78,16.39
2020-06-02 10:52:51.000,3.01,15.12,14.78,16.39
2020-06-02 10:52:54.000,3.01,15.12,14.78,16.39
2020-06-02 10:52:57.000,3.01,15.12,14.78,16.39
2020-06-02 10:53:00.000,3.01,15.12,14.78,16.39
2020-06-02 10:53:03.000,3.01,15.12,14.78,16.39
2020-06-02 10:53:06.000,3.01,15.12,14.78,16.4
2020-06-02 10:53:09.000,3.01,15.12,14.78,16.4
2020-06-02 10:53:12.000,3.01,15.12,14.78,16.4
2020-06-02 10:53:15.000,3.01,15.12,14.78,16.4
2020-06-02 10:53:18.000,3.01,15.12,14.78,16.4
2020-06-02 10:53:21.000,3.01,15.1,14.78,16.4
2020-06-02 10:53:24.000,3.01,15.1,14.78,16.4
2020-06-02 10:53:27.000,3.01,15.1,14.78,16.4
2020-06-02 10:53:30.000,3.01,15.1,14.78,16.4
2020-06-02 10:53:33.000,3.01,15.1,14.78,16.4
2020-06-02 10:53:36.000,3.01,15.1,14.78,16.4
2020-06-02 10:53:39.000,3.01,15.1,14.78,16.4
2020-06-02 10:53:42.000,3.01,15.1,14.78,16.4
2020-06-02 10:53:45.000,3.01,15.1,14.78,16.4
2020-06-02 10:53:48.000,3.01,15.1,14.78,16.4
2020-06-02 10:53:51.000,3.01,15.1,14.78,16.4
2020-06-02 10:53:54.000,3.01,15.1,14.78,16.4
2020-06-02 10:53:57.000,3.01,15.1,14.78,16.4
2020-06-02 10:54:00.000,3.01,15.1,14.78,16.4
2020-06-02 10:54:03.000,3.01,15.1,14.77,16.4
2020-06-02 10:54:06.000,3.01,15.1,14.77,16.4
2020-06-02 10:54:09.000,3.01,15.1,14.77,16.4
2020-06-02 10:54:12.000,3.01,15.1,14.77,16.4
2020-06-02 10:54:15.000,3.01,15.1,14.77,16.4
2020-06-02 10:54:18.000,3.01,15.1,14.77,16.4
2020-06-02 10:54:21.000,3.01,15.1,14.77,16.4
2020-06-02 10:54:24.000,3.01,15.1,14.77,16.4
2020-06-02 10:54:27.000,3.01,15.1,14.77,16.4
2020-06-02 10:54:30.000,3.01,15.1,14.77,16.4
2020-06-02 10:54:33.000,3.01,15.1,14.77,16.4
2020-06-02 10:54:36.000,3.01,15.1,14.77,16.4
2020-06-02 10:54:39.000,3.01,15.1,14.77,16.4
2020-06-02 10:54:42.000,3.01,15.1,14.77,16.4
2020-06-02 10:54:45.000,3.01,15.1,14.77,16.4
2020-06-02 10:54:48.000,3.01,15.1,14.77,16.4
2020-06-02 10:54:51.000,3.01,15.1,14.77,16.4
2020-06-02 10:54:54.000,3.01,15.1,14.77,16.4
2020-06-02 10:54:57.000,3.01,15.1,14.77,16.4
2020-06-02 10:55:00.000,3.01,15.1,14.77,16.4
2020-06-02 10:55:03.000,3.01,15.1,14.77,16.4
2020-06-02 10:55:06.000,3.01,15.1,14.77,16.4
2020-06-02 10:55:09.000,3.01,15.1,14.77,16.4
2020-06-02 10:55:12.000,3.01,15.1,14.77,16.4
2020-06-02 10:55:15.000,3.01,15.03,14.77,16.4
2020-06-02 10:55:18.000,3.01,15.06,14.77,16.4
2020-06-02 10:55:21.000,3.01,15.06,14.77,16.4
2020-06-02 10:55:24.000,3.01,15.06,14.77,16.4
2020-06-02 10:55:27.000,3.01,15.06,14.77,16.4
2020-06-02 10:55:30.000,3.01,15.06,14.77,16.4
2020-06-02 10:55:33.000,3.01,15.06,14.77,16.4
2020-06-02 10:55:36.000,3.01,15.06,14.77,16.4
2020-06-02 10:55:39.000,3.01,15.06,14.77,16.4
2020-06-02 10:55:42.000,3.01,15.06,14.77,16.4
2020-06-02 10:55:45.000,3.01,15.06,14.77,16.4
2020-06-02 10:55:48.000,3.01,15.06,14.77,16.4
2020-06-02 10:55:51.000,3.01,15.06,14.77,16.4
2020-06-02 10:55:54.000,3.01,15.06,14.78,16.4
2020-06-02 10:55:57.000,3.01,15.06,14.78,16.4
2020-06-02 10:56:00.000,3.01,15.06,14.78,16.38
2020-06-02 10:56:03.000,3.01,15.06,14.78,16.38
2020-06-02 10:56:06.000,3.01,15.06,14.78,16.38
2020-06-02 10:56:09.000,3.01,15.06,14.78,16.38
2020-06-02 10:56:12.000,3.01,15.06,14.78,16.38
2020-06-02 10:56:15.000,3.01,15.06,14.78,16.38
2020-06-02 10:56:18.000,3.01,15.06,14.78,16.38
2020-06-02 10:56:21.000,3.01,15.06,14.78,16.38
2020-06-02 10:56:24.000,3.01,15.06,14.78,16.38
2020-06-02 10:56:27.000,3.01,15.06,14.78,16.38
2020-06-02 10:56:30.000,3.01,15.06,14.78,16.38
2020-06-02 10:56:33.000,3.01,15.06,14.78,16.38
2020-06-02 10:56:36.000,3.01,15.06,14.78,16.38
2020-06-02 10:56:39.000,3.01,15.06,14.78,16.38
2020-06-02 10:56:42.000,3.01,15.06,14.78,16.38
2020-06-02 10:56:45.000,3.01,15.06,14.78,16.38
2020-06-02 10:56:48.000,3.01,15.06,14.78,16.38
2020-06-02 10:56:51.000,3.01,15.06,14.78,16.38
2020-06-02 10:56:54.000,3.01,15.06,14.78,16.38
2020-06-02 10:56:57.000,3.01,15.06,14.78,16.38
2020-06-02 10:57:00.000,3.01,15.06,14.8,16.38
2020-06-02 10:57:03.000,3.01,15.06,14.8,16.38
2020-06-02 10:57:06.000,3.01,15.06,14.8,16.38
2020-06-02 10:57:09.000,3.01,15.06,14.8,16.38
2020-06-02 10:57:12.000,3.01,15.06,14.81,16.38
2020-06-02 10:57:15.000,3.01,15.06,14.81,16.38
2020-06-02 10:57:18.000,3.01,15.06,14.8,16.38
2020-06-02 10:57:21.000,3.01,15.06,14.81,16.38
2020-06-02 10:57:24.000,3.01,15.06,14.8,16.38
2020-06-02 10:57:27.000,3.01,15.06,14.8,16.38
2020-06-02 10:57:30.000,3.01,15.06,14.8,16.38
2020-06-02 10:57:33.000,3.01,15.06,14.8,16.38
2020-06-02 10:57:36.000,3.01,15.06,14.8,16.38
2020-06-02 10:57:39.000,3.01,15.06,14.8,16.38
2020-06-02 10:57:42.000,3.01,15.06,14.8,16.38
2020-06-02 10:57:45.000,3.01,15.06,14.8,16.38
2020-06-02 10:57:48.000,3.01,15.06,14.78,16.38
2020-06-02 10:57:51.000,3.01,15.06,14.78,16.38
2020-06-02 10:57:54.000,3.01,15.06,14.78,16.38
2020-06-02 10:57:57.000,3.01,15.06,14.78,16.38
2020-06-02 10:58:00.000,3.01,15.06,14.78,16.38
2020-06-02 10:58:03.000,3.01,15.06,14.78,16.38
2020-06-02 10:58:06.000,3.01,15.06,14.78,16.38
2020-06-02 10:58:09.000,3.01,15.06,14.78,16.38
2020-06-02 10:58:12.000,3.01,15.06,14.78,16.38
2020-06-02 10:58:15.000,3.01,15.05,14.78,16.38
2020-06-02 10:58:18.000,3.01,15.05,14.8,16.38
2020-06-02 10:58:21.000,3.01,15.05,14.8,16.38
2020-06-02 10:58:24.000,3.01,15.05,14.8,16.38
2020-06-02 10:58:27.000,3.01,15.05,14.8,16.38
2020-06-02 10:58:30.000,3.01,15.05,14.79,16.38
2020-06-02 10:58:33.000,3.01,15.05,14.79,16.38
2020-06-02 10:58:36.000,3.01,15.05,14.79,16.38
2020-06-02 10:58:39.000,3.01,15.05,14.79,16.38
2020-06-02 10:58:42.000,3.01,15.05,14.79,16.38
2020-06-02 10:58:45.000,3.01,15.05,14.79,16.38
2020-06-02 10:58:48.000,3.01,15.05,14.79,16.38
2020-06-02 10:58:51.000,3.01,15.05,14.79,16.38
2020-06-02 10:58:54.000,3.01,15.05,14.79,16.38
2020-06-02 10:58:57.000,3.01,15.05,14.8,16.38
2020-06-02 10:59:00.000,3.01,15.05,14.8,16.38
2020-06-02 10:59:03.000,3.01,15.05,14.8,16.38
2020-06-02 10:59:06.000,3.01,15.05,14.8,16.38
2020-06-02 10:59:09.000,3.01,15.06,14.8,16.38
2020-06-02 10:59:12.000,3.01,15.06,14.8,16.38
2020-06-02 10:59:15.000,3.01,15.06,14.8,16.38
2020-06-02 10:59:18.000,3.01,15.06,14.8,16.38
2020-06-02 10:59:21.000,3.01,15.06,14.8,16.38
2020-06-02 10:59:24.000,3.01,15.05,14.8,16.38
2020-06-02 10:59:27.000,3.01,15.05,14.8,16.38
2020-06-02 10:59:30.000,3.01,15.05,14.8,16.38
2020-06-02 10:59:33.000,3.01,15.05,14.8,16.38
2020-06-02 10:59:36.000,3.01,15.05,14.8,16.38
2020-06-02 10:59:39.000,3.01,15.06,14.8,16.38
2020-06-02 10:59:42.000,3.01,15.06,14.8,16.38
2020-06-02 10:59:45.000,3.01,15.06,14.8,16.38
2020-06-02 10:59:48.000,3.01,15.06,14.8,16.38
2020-06-02 10:59:51.000,3.01,15.06,14.8,16.38
2020-06-02 10:59:54.000,3.01,15.06,14.8,16.38
2020-06-02 10:59:57.000,3.01,15.05,14.78,16.38
2020-06-02 11:00:00.000,3.01,15.05,14.78,16.38
2020-06-02 11:00:03.000,3.01,15.05,14.78,16.38
2020-06-02 11:00:06.000,3.01,15.05,14.78,16.38
2020-06-02 11:00:09.000,3.01,15.05,14.78,16.38
2020-06-02 11:00:12.000,3.01,15.05,14.78,16.38
2020-06-02 11:00:15.000,3.01,15.05,14.78,16.38
2020-06-02 11:00:18.000,3.01,15.05,14.78,16.38
2020-06-02 11:00:21.000,3.01,15.05,14.78,16.38
2020-06-02 11:00:24.000,3.01,15.05,14.78,16.38
2020-06-02 11:00:27.000,3.01,15.05,14.78,16.38
2020-06-02 11:00:30.000,3.01,15.05,14.78,16.38
2020-06-02 11:00:33.000,3.01,15.05,14.78,16.38
2020-06-02 11:00:36.000,3.01,15.05,14.78,16.39
2020-06-02 11:00:39.000,3.01,15.05,14.78,16.39
2020-06-02 11:00:42.000,3.01,15.05,14.78,16.39
2020-06-02 11:00:45.000,3.01,15.05,14.78,16.39
2020-06-02 11:00:48.000,3.01,15.06,14.78,16.39
2020-06-02 11:00:51.000,3.01,15.06,14.78,16.39
2020-06-02 11:00:54.000,3.01,15.06,14.78,16.39
2020-06-02 11:00:57.000,3.01,15.06,14.78,16.39
2020-06-02 11:01:00.000,3.01,15.06,14.78,16.39
2020-06-02 11:01:03.000,3.01,15.06,14.78,16.4
2020-06-02 11:01:06.000,3.01,15.06,14.78,16.4
2020-06-02 11:01:09.000,3.01,15.06,14.78,16.4
2020-06-02 11:01:12.000,3.01,15.06,14.78,16.4
2020-06-02 11:01:15.000,3.01,15.06,14.78,16.4
2020-06-02 11:01:18.000,3.01,15.06,14.78,16.4
2020-06-02 11:01:21.000,3.01,15.06,14.78,16.4
2020-06-02 11:01:24.000,3.01,15.06,14.78,16.4
2020-06-02 11:01:27.000,3.01,15.06,14.78,16.4
2020-06-02 11:01:30.000,3.01,15.06,14.78,16.4
2020-06-02 11:01:33.000,3.01,15.06,14.78,16.4
2020-06-02 11:01:36.000,3.01,15.06,14.78,16.4
2020-06-02 11:01:39.000,3.01,15.06,14.78,16.4
2020-06-02 11:01:42.000,3.01,15.06,14.78,16.4
2020-06-02 11:01:45.000,3.01,15.06,14.78,16.4
2020-06-02 11:01:48.000,3.01,15.06,14.78,16.4
2020-06-02 11:01:51.000,3.01,15.06,14.78,16.4
2020-06-02 11:01:54.000,3.01,15.06,14.78,16.4
2020-06-02 11:01:57.000,3.01,15.06,14.78,16.4
2020-06-02 11:02:00.000,3.01,15.06,14.78,16.4
2020-06-02 11:02:03.000,3.01,15.06,14.78,16.4
2020-06-02 11:02:06.000,3.01,15.06,14.78,16.4
2020-06-02 11:02:09.000,3.01,15.06,14.78,16.4
2020-06-02 11:02:12.000,3.01,15.06,14.78,16.4
2020-06-02 11:02:15.000,3.01,15.06,14.78,16.4
2020-06-02 11:02:18.000,3.01,15.06,14.78,16.4
2020-06-02 11:02:21.000,3.01,15.06,14.78,16.4
2020-06-02 11:02:24.000,3.01,15.06,14.78,16.4
2020-06-02 11:02:27.000,3.01,15.06,14.78,16.4
2020-06-02 11:02:30.000,3.01,15.06,14.78,16.4
2020-06-02 11:02:33.000,3.01,15.06,14.78,16.4
2020-06-02 11:02:36.000,3.01,15.06,14.78,16.4
2020-06-02 11:02:39.000,3.01,15.06,14.78,16.4
2020-06-02 11:02:42.000,3.01,15.06,14.78,16.4
2020-06-02 11:02:45.000,3.01,15.06,14.78,16.4
2020-06-02 11:02:48.000,3.01,15.06,14.78,16.4
2020-06-02 11:02:51.000,3.01,15.07,14.78,16.38
2020-06-02 11:02:54.000,3.01,15.06,14.78,16.38
2020-06-02 11:02:57.000,3.01,15.06,14.78,16.38
2020-06-02 11:03:00.000,3.01,15.06,14.78,16.38
2020-06-02 11:03:03.000,3.01,15.06,14.77,16.38
2020-06-02 11:03:06.000,3.01,15.06,14.77,16.38
2020-06-02 11:03:09.000,3.01,15.06,14.77,16.38
2020-06-02 11:03:12.000,3.01,15.06,14.77,16.38
2020-06-02 11:03:15.000,3.01,15.06,14.77,16.38
2020-06-02 11:03:18.000,3.01,15.06,14.77,16.38
2020-06-02 11:03:21.000,3.01,15.06,14.76,16.38
2020-06-02 11:03:24.000,3.01,15.06,14.76,16.38
2020-06-02 11:03:27.000,3.01,15.06,14.76,16.38
2020-06-02 11:03:30.000,3.01,15.06,14.76,16.38
2020-06-02 11:03:33.000,3.01,15.06,14.76,16.38
2020-06-02 11:03:36.000,3.01,15.06,14.76,16.38
2020-06-02 11:03:39.000,3.01,15.06,14.76,16.38
2020-06-02 11:03:42.000,3.01,15.06,14.76,16.38
2020-06-02 11:03:45.000,3.01,15.06,14.76,16.38
2020-06-02 11:03:48.000,3.01,15.06,14.76,16.38
2020-06-02 11:03:51.000,3.01,15.06,14.76,16.38
2020-06-02 11:03:54.000,3.01,15.06,14.75,16.38
2020-06-02 11:03:57.000,3.01,15.06,14.75,16.38
2020-06-02 11:04:00.000,3.01,15.06,14.75,16.38
2020-06-02 11:04:03.000,3.01,15.06,14.75,16.38
2020-06-02 11:04:06.000,3.01,15.06,14.75,16.38
2020-06-02 11:04:09.000,3.01,15.06,14.75,16.38
2020-06-02 11:04:12.000,3.01,15.06,14.75,16.38
2020-06-02 11:04:15.000,3.01,15.06,14.75,16.38
2020-06-02 11:04:18.000,3.01,15.06,14.75,16.38
2020-06-02 11:04:21.000,3.01,15.06,14.75,16.38
2020-06-02 11:04:24.000,3.01,15.06,14.75,16.38
2020-06-02 11:04:27.000,3.01,15.06,14.76,16.38
2020-06-02 11:04:30.000,3.01,15.06,14.76,16.38
2020-06-02 11:04:33.000,3.01,15.06,14.76,16.38
2020-06-02 11:04:36.000,3.01,15.06,14.76,16.38
2020-06-02 11:04:39.000,3.01,15.06,14.76,16.38
2020-06-02 11:04:42.000,3.01,15.06,14.76,16.38
2020-06-02 11:04:45.000,3.01,15.07,14.76,16.38
2020-06-02 11:04:48.000,3.01,15.07,14.76,16.38
2020-06-02 11:04:51.000,3.01,15.06,14.76,16.38
2020-06-02 11:04:54.000,3.01,15.06,14.76,16.38
2020-06-02 11:04:57.000,3.01,15.06,14.76,16.38
2020-06-02 11:05:00.000,3.01,15.06,14.76,16.38
2020-06-02 11:05:03.000,3.01,15.06,14.76,16.38
2020-06-02 11:05:06.000,3.01,15.06,14.76,16.38
2020-06-02 11:05:09.000,3.01,15.06,14.76,16.38
2020-06-02 11:05:12.000,3.01,15.04,14.76,16.38
2020-06-02 11:05:15.000,3.01,15.04,14.76,16.38
2020-06-02 11:05:18.000,3.01,15.04,14.76,16.37
2020-06-02 11:05:21.000,3.01,15.04,14.76,16.38
2020-06-02 11:05:24.000,3.01,15.06,14.76,16.38
2020-06-02 11:05:27.000,3.01,15.06,14.76,16.38
2020-06-02 11:05:30.000,3.01,15.06,14.76,16.38
2020-06-02 11:05:33.000,3.01,15.06,14.76,16.38
2020-06-02 11:05:36.000,3.01,15.06,14.76,16.38
2020-06-02 11:05:39.000,3.01,15.06,14.76,16.38
2020-06-02 11:05:42.000,3.01,15.06,14.76,16.38
2020-06-02 11:05:45.000,3.01,15.06,14.76,16.38
2020-06-02 11:05:48.000,3.01,15.06,14.76,16.38
2020-06-02 11:05:51.000,3.01,15.06,14.76,16.38
2020-06-02 11:05:54.000,3.01,15.06,14.76,16.38
2020-06-02 11:05:57.000,3.01,15.06,14.76,16.38
2020-06-02 11:06:00.000,3.01,15.06,14.76,16.38
2020-06-02 11:06:03.000,3.01,15.06,14.76,16.38
2020-06-02 11:06:06.000,3.01,15.06,14.76,16.38
2020-06-02 11:06:09.000,3.01,15.06,14.76,16.38
2020-06-02 11:06:12.000,3.01,15.06,14.76,16.38
2020-06-02 11:06:15.000,3.01,15.06,14.76,16.38
2020-06-02 11:06:18.000,3.01,15.06,14.76,16.37
2020-06-02 11:06:21.000,3.01,15.06,14.76,16.38
2020-06-02 11:06:24.000,3.01,15.06,14.76,16.38
2020-06-02 11:06:27.000,3.01,15.06,14.76,16.38
2020-06-02 11:06:30.000,3.01,15.06,14.76,16.37
2020-06-02 11:06:33.000,3.01,15.06,14.76,16.37
2020-06-02 11:06:36.000,3.01,15.06,14.76,16.37
2020-06-02 11:06:39.000,3.01,15.06,14.76,16.37
2020-06-02 11:06:42.000,3.01,15.06,14.76,16.37
2020-06-02 11:06:45.000,3.01,15.06,14.76,16.37
2020-06-02 11:06:48.000,3.01,15.07,14.76,16.37
2020-06-02 11:06:51.000,3.01,15.07,14.76,16.37
2020-06-02 11:06:54.000,3.01,15.07,14.76,16.37
2020-06-02 11:06:57.000,3.01,15.07,14.75,16.37
2020-06-02 11:07:00.000,3.01,15.07,14.75,16.37
2020-06-02 11:07:03.000,3.01,15.07,14.75,16.37
2020-06-02 11:07:06.000,3.01,15.07,14.75,16.37
2020-06-02 11:07:09.000,3.01,15.07,14.75,16.37
2020-06-02 11:07:12.000,3.01,15.07,14.75,16.37
2020-06-02 11:07:15.000,3.01,15.07,14.75,16.37
2020-06-02 11:07:18.000,3.01,15.07,14.75,16.37
2020-06-02 11:07:21.000,3.01,15.07,14.75,16.37
2020-06-02 11:07:24.000,3.01,15.07,14.75,16.37
2020-06-02 11:07:27.000,3.01,15.07,14.75,16.37
2020-06-02 11:07:30.000,3.01,15.07,14.75,16.37
2020-06-02 11:07:33.000,3.01,15.07,14.75,16.37
2020-06-02 11:07:36.000,3.01,15.07,14.75,16.37
2020-06-02 11:07:39.000,3.01,15.07,14.75,16.37
2020-06-02 11:07:42.000,3.01,15.07,14.75,16.37
2020-06-02 11:07:45.000,3.01,15.07,14.75,16.37
2020-06-02 11:07:48.000,3.01,15.07,14.75,16.37
2020-06-02 11:07:51.000,3.01,15.07,14.75,16.37
2020-06-02 11:07:54.000,3.01,15.07,14.75,16.37
2020-06-02 11:07:57.000,3.01,15.07,14.75,16.37
2020-06-02 11:08:00.000,3.01,15.07,14.75,16.37
2020-06-02 11:08:03.000,3.01,15.07,14.75,16.37
2020-06-02 11:08:06.000,3.01,15.07,14.75,16.37
2020-06-02 11:08:09.000,3.01,15.07,14.75,16.37
2020-06-02 11:08:12.000,3.01,15.07,14.75,16.37
2020-06-02 11:08:15.000,3.01,15.07,14.75,16.37
2020-06-02 11:08:18.000,3.01,15.07,14.75,16.37
2020-06-02 11:08:21.000,3.01,15.07,14.75,16.37
2020-06-02 11:08:24.000,3.01,15.07,14.75,16.37
2020-06-02 11:08:27.000,3.01,15.07,14.75,16.37
2020-06-02 11:08:30.000,3.01,15.07,14.75,16.37
2020-06-02 11:08:33.000,3.01,15.07,14.75,16.38
2020-06-02 11:08:36.000,3.01,15.07,14.75,16.38
2020-06-02 11:08:39.000,3.01,15.07,14.75,16.38
2020-06-02 11:08:42.000,3.01,15.07,14.75,16.38
2020-06-02 11:08:45.000,3.01,15.07,14.75,16.38
2020-06-02 11:08:48.000,3.01,15.07,14.75,16.38
2020-06-02 11:08:51.000,3.01,15.07,14.75,16.38
2020-06-02 11:08:54.000,3.01,15.07,14.75,16.38
2020-06-02 11:08:57.000,3.01,15.07,14.75,16.38
2020-06-02 11:09:00.000,3.01,15.07,14.75,16.38
2020-06-02 11:09:03.000,3.01,15.05,14.75,16.38
2020-06-02 11:09:06.000,3.01,15.07,14.75,16.38
2020-06-02 11:09:09.000,3.01,15.07,14.75,16.38
2020-06-02 11:09:12.000,3.01,15.07,14.75,16.38
2020-06-02 11:09:15.000,3.01,15.07,14.75,16.38
2020-06-02 11:09:18.000,3.01,15.07,14.75,16.38
2020-06-02 11:09:21.000,3.01,15.07,14.75,16.38
2020-06-02 11:09:24.000,3.01,15.07,14.75,16.38
2020-06-02 11:09:27.000,3.01,15.07,14.75,16.38
2020-06-02 11:09:30.000,3.01,15.07,14.75,16.38
2020-06-02 11:09:33.000,3.01,15.07,14.75,16.38
2020-06-02 11:09:36.000,3.01,15.07,14.75,16.38
2020-06-02 11:09:39.000,3.01,15.07,14.75,16.38
2020-06-02 11:09:42.000,3.01,15.07,14.75,16.38
2020-06-02 11:09:45.000,3.01,15.07,14.75,16.38
2020-06-02 11:09:48.000,3.01,15.06,14.75,16.38
2020-06-02 11:09:51.000,3.01,15.06,14.75,16.38
2020-06-02 11:09:54.000,3.01,15.07,14.75,16.38
2020-06-02 11:09:57.000,3.01,15.07,14.75,16.38
2020-06-02 11:10:00.000,3.01,15.07,14.75,16.38
2020-06-02 11:10:03.000,3.01,15.07,14.75,16.38
2020-06-02 11:10:06.000,3.01,15.07,14.75,16.38
2020-06-02 11:10:09.000,3.01,15.07,14.75,16.38
2020-06-02 11:10:12.000,3.01,15.07,14.75,16.38
2020-06-02 11:10:15.000,3.01,15.07,14.75,16.38
2020-06-02 11:10:18.000,3.01,15.07,14.75,16.38
2020-06-02 11:10:21.000,3.01,15.07,14.75,16.38
2020-06-02 11:10:24.000,3.01,15.07,14.75,16.38
2020-06-02 11:10:27.000,3.01,15.07,14.75,16.38
2020-06-02 11:10:30.000,3.01,15.07,14.75,16.38
2020-06-02 11:10:33.000,3.01,15.07,14.75,16.38
2020-06-02 11:10:36.000,3.01,15.07,14.75,16.36
2020-06-02 11:10:39.000,3.01,15.07,14.75,16.36
2020-06-02 11:10:42.000,3.01,15.07,14.75,16.36
2020-06-02 11:10:45.000,3.01,15.07,14.75,16.36
2020-06-02 11:10:48.000,3.01,15.07,14.75,16.36
2020-06-02 11:10:51.000,3.01,15.07,14.75,16.36
2020-06-02 11:10:54.000,3.01,15.07,14.75,16.36
2020-06-02 11:10:57.000,3.01,15.07,14.75,16.36
2020-06-02 11:11:00.000,3.01,15.07,14.75,16.36
2020-06-02 11:11:03.000,3.01,15.07,14.75,16.36
2020-06-02 11:11:06.000,3.01,15.07,14.75,16.36
2020-06-02 11:11:09.000,3.01,15.07,14.75,16.36
2020-06-02 11:11:12.000,3.01,15.07,14.75,16.36
2020-06-02 11:11:15.000,3.01,15.07,14.75,16.36
2020-06-02 11:11:18.000,3.01,15.07,14.76,16.36
2020-06-02 11:11:21.000,3.01,15.07,14.76,16.36
2020-06-02 11:11:24.000,3.01,15.07,14.76,16.36
2020-06-02 11:11:27.000,3.01,15.07,14.76,16.36
2020-06-02 11:11:30.000,3.01,15.07,14.76,16.36
2020-06-02 11:11:33.000,3.01,15.07,14.76,16.36
2020-06-02 11:11:36.000,3.01,15.07,14.76,16.36
2020-06-02 11:11:39.000,3.01,15.07,14.76,16.36
2020-06-02 11:11:42.000,3.01,15.07,14.76,16.36
2020-06-02 11:11:45.000,3.01,15.07,14.76,16.36
2020-06-02 11:11:48.000,3.01,15.07,14.76,16.36
2020-06-02 11:11:51.000,3.01,15.07,14.76,16.36
2020-06-02 11:11:54.000,3.01,15.07,14.76,16.36
2020-06-02 11:11:57.000,3.01,15.07,14.76,16.36
2020-06-02 11:12:00.000,3.01,15.07,14.76,16.36
2020-06-02 11:12:03.000,3.01,15.07,14.76,16.36
2020-06-02 11:12:06.000,3.01,15.07,14.76,16.36
2020-06-02 11:12:09.000,3.01,15.07,14.76,16.36
2020-06-02 11:12:12.000,3.01,15.07,14.76,16.36
2020-06-02 11:12:15.000,3.01,15.07,14.76,16.36
2020-06-02 11:12:18.000,3.01,15.07,14.76,16.36
2020-06-02 11:12:21.000,3.01,15.07,14.76,16.36
2020-06-02 11:12:24.000,3.01,15.07,14.76,16.37
2020-06-02 11:12:27.000,3.01,15.07,14.76,16.37
2020-06-02 11:12:30.000,3.01,15.07,14.75,16.37
2020-06-02 11:12:33.000,3.01,15.07,14.76,16.37
2020-06-02 11:12:36.000,3.01,15.07,14.76,16.37
2020-06-02 11:12:39.000,3.01,15.07,14.76,16.37
2020-06-02 11:12:42.000,3.01,15.07,14.76,16.37
2020-06-02 11:12:45.000,3.01,15.07,14.76,16.37
2020-06-02 11:12:48.000,3.01,15.06,14.76,16.37
2020-06-02 11:12:51.000,3.01,15.06,14.76,16.37
2020-06-02 11:12:54.000,3.01,15.06,14.76,16.36
2020-06-02 11:12:57.000,3.01,15.06,14.76,16.38
2020-06-02 11:13:00.000,3.01,15.06,14.76,16.38
2020-06-02 11:13:03.000,3.01,15.06,14.76,16.38
2020-06-02 11:13:06.000,3.01,15.06,14.76,16.38
2020-06-02 11:13:09.000,3.01,15.06,14.76,16.37
2020-06-02 11:13:12.000,3.01,15.06,14.76,16.37
2020-06-02 11:13:15.000,3.01,15.06,14.76,16.37
2020-06-02 11:13:18.000,3.01,15.06,14.76,16.37
2020-06-02 11:13:21.000,3.01,15.06,14.76,16.37
2020-06-02 11:13:24.000,3.01,15.06,14.76,16.37
2020-06-02 11:13:27.000,3.01,15.06,14.76,16.37
2020-06-02 11:13:30.000,3.01,15.06,14.76,16.37
2020-06-02 11:13:33.000,3.01,15.06,14.76,16.37
2020-06-02 11:13:36.000,3.01,15.06,14.76,16.37
2020-06-02 11:13:39.000,3.01,15.06,14.76,16.37
2020-06-02 11:13:42.000,3.01,15.06,14.76,16.37
2020-06-02 11:13:45.000,3.01,15.06,14.76,16.37
2020-06-02 11:13:48.000,3.01,15.06,14.76,16.37
2020-06-02 11:13:51.000,3.01,15.06,14.76,16.37
2020-06-02 11:13:54.000,3.01,15.06,14.76,16.37
2020-06-02 11:13:57.000,3.01,15.06,14.76,16.37
2020-06-02 11:14:00.000,3.01,15.06,14.76,16.37
2020-06-02 11:14:03.000,3.01,15.06,14.76,16.37
2020-06-02 11:14:06.000,3.01,15.06,14.76,16.37
2020-06-02 11:14:09.000,3.01,15.06,14.75,16.37
2020-06-02 11:14:12.000,3.01,15.06,14.75,16.37
2020-06-02 11:14:15.000,3.01,15.06,14.75,16.37
2020-06-02 11:14:18.000,3.01,15.06,14.75,16.37
2020-06-02 11:14:21.000,3.01,15.06,14.75,16.37
2020-06-02 11:14:24.000,3.01,15.06,14.75,16.37
2020-06-02 11:14:27.000,3.01,15.06,14.75,16.37
2020-06-02 11:14:30.000,3.01,15.06,14.75,16.37
2020-06-02 11:14:33.000,3.01,15.06,14.75,16.37
2020-06-02 11:14:36.000,3.01,15.06,14.75,16.37
2020-06-02 11:14:39.000,3.01,15.04,14.75,16.37
2020-06-02 11:14:42.000,3.01,15.04,14.75,16.37
2020-06-02 11:14:45.000,3.01,15.04,14.75,16.36
2020-06-02 11:14:48.000,3.01,15.04,14.75,16.36
2020-06-02 11:14:51.000,3.01,15.04,14.75,16.36
2020-06-02 11:14:54.000,3.01,15.04,14.75,16.36
2020-06-02 11:14:57.000,3.01,15.04,14.75,16.36
2020-06-02 11:15:00.000,3.01,15.04,14.75,16.36
2020-06-02 11:15:03.000,3.01,15.04,14.75,16.36
2020-06-02 11:15:06.000,3.01,15.04,14.75,16.36
2020-06-02 11:15:09.000,3.01,15.04,14.75,16.36
2020-06-02 11:15:12.000,3.01,15.04,14.75,16.36
2020-06-02 11:15:15.000,3.01,15.04,14.75,16.36
2020-06-02 11:15:18.000,3.01,15.04,14.75,16.36
2020-06-02 11:15:21.000,3.01,15.04,14.76,16.36
2020-06-02 11:15:24.000,3.01,15.04,14.76,16.36
2020-06-02 11:15:27.000,3.01,15.04,14.76,16.36
2020-06-02 11:15:30.000,3.01,15.04,14.76,16.36
2020-06-02 11:15:33.000,3.01,15.04,14.76,16.36
2020-06-02 11:15:36.000,3.01,15.04,14.76,16.36
2020-06-02 11:15:39.000,3.01,15.04,14.76,16.36
2020-06-02 11:15:42.000,3.01,15.04,14.76,16.36
2020-06-02 11:15:45.000,3.01,15.04,14.77,16.36
2020-06-02 11:15:48.000,3.01,15.04,14.77,16.36
2020-06-02 11:15:51.000,3.01,15.04,14.77,16.36
2020-06-02 11:15:54.000,3.01,15.04,14.77,16.36
2020-06-02 11:15:57.000,3.01,15.04,14.77,16.36
2020-06-02 11:16:00.000,3.01,15.04,14.76,16.36
2020-06-02 11:16:03.000,3.01,15.04,14.76,16.36
2020-06-02 11:16:06.000,3.01,15.04,14.76,16.36
2020-06-02 11:16:09.000,3.01,15.04,14.76,16.36
2020-06-02 11:16:12.000,3.01,15.04,14.76,16.36
2020-06-02 11:16:15.000,3.01,15.04,14.77,16.36
2020-06-02 11:16:18.000,3.01,15.04,14.77,16.36
2020-06-02 11:16:21.000,3.01,15.04,14.77,16.36
2020-06-02 11:16:24.000,3.01,15.04,14.77,16.36
2020-06-02 11:16:27.000,3.01,15.04,14.77,16.36
2020-06-02 11:16:30.000,3.01,15.04,14.77,16.36
2020-06-02 11:16:33.000,3.01,15.04,14.77,16.36
2020-06-02 11:16:36.000,3.01,15.04,14.77,16.36
2020-06-02 11:16:39.000,3.01,15.04,14.77,16.36
2020-06-02 11:16:42.000,3.01,15.04,14.77,16.36
2020-06-02 11:16:45.000,3.01,15.04,14.77,16.36
2020-06-02 11:16:48.000,3.01,15.04,14.77,16.36
2020-06-02 11:16:51.000,3.01,15.04,14.77,16.36
2020-06-02 11:16:54.000,3.01,15.04,14.77,16.36
2020-06-02 11:16:57.000,3.01,15.04,14.77,16.36
2020-06-02 11:17:00.000,3.01,15.04,14.77,16.36
2020-06-02 11:17:03.000,3.01,15.04,14.77,16.36
2020-06-02 11:17:06.000,3.01,15.04,14.77,16.36
2020-06-02 11:17:09.000,3.01,15.04,14.77,16.36
2020-06-02 11:17:12.000,3.01,15.04,14.77,16.36
2020-06-02 11:17:15.000,3.01,15.04,14.77,16.36
2020-06-02 11:17:18.000,3.01,15.04,14.77,16.36
2020-06-02 11:17:21.000,3.01,15.04,14.77,16.36
2020-06-02 11:17:24.000,3.01,15.04,14.77,16.36
2020-06-02 11:17:27.000,3.01,15.04,14.77,16.36
2020-06-02 11:17:30.000,3.01,15.04,14.77,16.36
2020-06-02 11:17:33.000,3.01,15.04,14.77,16.36
2020-06-02 11:17:36.000,3.01,15.04,14.77,16.36
2020-06-02 11:17:39.000,3.01,15.04,14.77,16.36
2020-06-02 11:17:42.000,3.01,15.04,14.77,16.36
2020-06-02 11:17:45.000,3.01,15.04,14.77,16.36
2020-06-02 11:17:48.000,3.01,15.04,14.77,16.36
2020-06-02 11:17:51.000,3.01,15.04,14.77,16.36
2020-06-02 11:17:54.000,3.01,15.04,14.77,16.36
2020-06-02 11:17:57.000,3.01,15.04,14.77,16.36
2020-06-02 11:18:00.000,3.01,15.04,14.77,16.36
2020-06-02 11:18:03.000,3.01,15.04,14.77,16.36
2020-06-02 11:18:06.000,3.01,15.04,14.77,16.36
2020-06-02 11:18:09.000,3.01,15.04,14.76,16.36
2020-06-02 11:18:12.000,3.01,15.04,14.76,16.36
2020-06-02 11:18:15.000,3.01,15.04,14.76,16.36
2020-06-02 11:18:18.000,3.01,15.04,14.76,16.36
2020-06-02 11:18:21.000,3.01,15.04,14.76,16.36
2020-06-02 11:18:24.000,3.01,15.04,14.76,16.36
2020-06-02 11:18:27.000,3.01,15.04,14.76,16.36
2020-06-02 11:18:30.000,3.01,15.04,14.76,16.36
2020-06-02 11:18:33.000,3.01,15.04,14.76,16.36
2020-06-02 11:18:36.000,3.01,15.04,14.76,16.36
2020-06-02 11:18:39.000,3.01,15.04,14.76,16.36
2020-06-02 11:18:42.000,3.01,15.04,14.76,16.36
2020-06-02 11:18:45.000,3.01,15.04,14.76,16.36
2020-06-02 11:18:48.000,3.01,15.04,14.76,16.36
2020-06-02 11:18:51.000,3.01,15.04,14.76,16.36
2020-06-02 11:18:54.000,3.01,15.04,14.76,16.36
2020-06-02 11:18:57.000,3.01,15.04,14.76,16.36
2020-06-02 11:19:00.000,3.01,15.04,14.76,16.36
2020-06-02 11:19:03.000,3.01,15.04,14.76,16.36
2020-06-02 11:19:06.000,3.01,15.04,14.76,16.36
2020-06-02 11:19:09.000,3.01,15.04,14.76,16.36
2020-06-02 11:19:12.000,3.01,15.04,14.76,16.36
2020-06-02 11:19:15.000,3.01,15.04,14.76,16.36
2020-06-02 11:19:18.000,3.01,15.04,14.76,16.36
2020-06-02 11:19:21.000,3.01,15.04,14.76,16.36
2020-06-02 11:19:24.000,3.01,15.02,14.76,16.36
2020-06-02 11:19:27.000,3.01,15.02,14.76,16.36
2020-06-02 11:19:30.000,3.01,15.02,14.76,16.36
2020-06-02 11:19:33.000,3.01,15.02,14.76,16.36
2020-06-02 11:19:36.000,3.01,15.02,14.76,16.36
2020-06-02 11:19:39.000,3.01,15.02,14.75,16.36
2020-06-02 11:19:42.000,3.01,15.02,14.75,16.36
